=LDR  03950pam a2200913 a 4500
=001  012882422
=003  Uk
=005  20050209132636.0
=008  040520m20042005gw\a\\\\\b\\\\001\0\eng\\
=FMT  \\$a  BK
=015  \\$aGBA4W8484$2bnb
=016  7\$a012882422$2Uk
=020  \\$a3540208283 (v. I) :$c£115.50
=020  \\$a3540213082 (v. II) :$cNo price
=040  \\$aStDuBDS$dUk
=042  \\$aukblsr
=082  04$a573.929$222
=245  04$aThe chemistry of pheromones and other semiochemicals /$cedited by S. Schulz ; with contributions by T. Ando ... [et al.].
=260  \\$aBerlin ;$a[London] :$bSpringer,$c2004-2005.
=300  \\$a2 v. :$bill. ;$c25 cm.
=336  \\$atext$2rdacontent
=337  \\$aunmediated$2rdamedia
=338  \\$avolume$2rdacarrier
=490  1\$aTopics in current chemistry,$x0340-1022 ;$v239-240
=504  \\$aIncludes bibliographical references and indexes.
=500  \\$aFormerly CIP.$5Uk
=540  \\$aCurrent copyright fee: GBP19.00$c42\0$5Uk
=650  \0$aPheromones.
=650  \0$aSemiochemicals.
=700  1\$aSchulz, S.$q(Stefan),$d1957 September 6-
=830  \0$aTopics in current chemistry,$v239-240$x0340-1022 ;
=856  \\$31850-9999$uhttp://www.springer.com/gb/$xBLDSS
=852  41$aBritish Library$bDSC$j8867.435000$iVolume 240(2005)
=852  41$aBritish Library$bHMNTS$ivol. I
=852  41$aBritish Library$bDSC$j8867.435000$iVolume 239(2004)
=985  \\$aRecord amended for WR# 13/070
=CAT  \\$aBATCH$b00$c20040530$lBLL01$h1454
=CAT  \\$aBATCH-CLA$c20140528$lBLL01$h1736
=CAT  \\$aIPL-CLA$c20140630$lBLL01$h1720
=CAT  \\$aBLDSS-3PM$b00$c20150102$lBLL01$h1729
=CAT  \\$aBATCH-UPD$b00$c20150219$lBLL01$h1909
=CAT  \\$aIPL-CLA$c20150331$lBLL01$h1635
=CAT  \\$aBATCH-UPD$b00$c20150520$lBLL01$h1906
=CAT  \\$aIPL-CLA$c20150630$lBLL01$h1644
=CAT  \\$aBATCH-UPD$b00$c20150820$lBLL01$h1938
=CAT  \\$aIPL-CLA$c20150930$lBLL01$h1802
=CAT  \\$aBATCH-UPD$b00$c20160217$lBLL01$h1834
=CAT  \\$aIPL-CLA$c20160331$lBLL01$h1723
=CAT  \\$aBATCH-UPD$b00$c20160524$lBLL01$h2237
=CAT  \\$aBATCH-UPD$b00$c20160525$lBLL01$h0432
=CAT  \\$aWR16_021$c20160610$lBLL01$h1942
=CAT  \\$aBATCH-CLA$b00$c20160611$lBLL01$h0141
=CAT  \\$aBATCH-UPD$b00$c20160824$lBLL01$h1854
=CAT  \\$aIPL-CLA$c20160930$lBLL01$h1600
=CAT  \\$aBATCH-UPD$b00$c20170216$lBLL01$h1939
=CAT  \\$aIPL-CLA$c20170331$lBLL01$h1842
=CAT  \\$aBATCH-UPD$b00$c20170904$lBLL01$h2002
=CAT  \\$aIPL-CLA$c20170929$lBLL01$h1726
=CAT  \\$aBATCH-UPD$b00$c20180223$lBLL01$h1859
=CAT  \\$aIPL-CLA$c20180331$lBLL01$h1617
=CAT  \\$aBATCH-UPD$b00$c20180524$lBLL01$h1754
=CAT  \\$aIPL-CLA$c20180630$lBLL01$h1915
=CFI  0\$aCurrent copyright fee: GBP19.00$c42\0$e01-jul-2018$fGBP19.00$g0$hP$5Uk
=CFI  2\$aPrevious copyright fee: GBP21.39$c42\0$e01-apr-2018$fGBP21.39$g0$hP$5Uk
=FFP  \\$aY$bBLDSS-3PM
=FIN  \\$aY
=TCO  \\$aDEU$bVG WORT$c008
=UNO  \\$aY
=ACF  \\$aPrevious copyright fee: GBP18.72$c42\0$e01-jan-2013$fGBP18.72$g0$hP$5Uk
=ACF  \\$aPrevious copyright fee: GBP19.32$c42\0$e01-jul-2013$fGBP19.32$g0$hP$5Uk
=ACF  \\$aPrevious copyright fee: GBP18.72$c42\0$e01-jan-2014$fGBP18.72$g0$hP$5Uk
=ACF  \\$aPrevious copyright fee: GBP18.15$c42\0$e01-jul-2014$fGBP18.15$g0$hP$5Uk
=ACF  \\$aPrevious copyright fee: GBP19.32$c42\0$e01-apr-2015$fGBP19.32$g0$hP$5Uk
=ACF  \\$aPrevious copyright fee: GBP19.97$c42\0$e01-jul-2015$fGBP19.97$g0$hP$5Uk
=ACF  \\$aPrevious copyright fee: GBP20.66$c42\0$e01-apr-2016$fGBP20.66$g0$hP$5Uk
=ACF  \\$aPrevious copyright fee: GBP22.19$c42\0$e01-oct-2016$fGBP22.19$g0$hP$5Uk
=ACF  \\$aPrevious copyright fee: GBP23.96$c42\0$e01-apr-2017$fGBP23.96$g0$hP$5Uk
=ACF  \\$aPrevious copyright fee: GBP23.04$c42\0$e01-oct-2017$fGBP23.04$g0$hP$5Uk
=LAS  \\$aIPL-CLA$b00$c20180630$lBLL01$h1915

