=LDR  04130cab a22009377a 4500
=001  012935524
=003  Uk
=005  20220930155440.0
=008  040621s2004\\\\xxu\\\\\\\\\\\100\0\eng\\
=FMT  \\$a  BK
=020  \\$a0780384156 (pbk.)
=040  \\$aUk$beng$cUk
=CNF  \\$aVirtual reality ( Conference)$d(2004 Mar:$cChicago, IL)
=245  00$aVR 2004 :$bIEEE virtual reality 2004 /$cedited by Yasushi Ikei, Martin Gobel & Jim Chen.
=260  \\$bIEEE,$c2004.
=300  \\$a1 v.
=336  \\$atext$2rdacontent
=337  \\$aunmediated$2rdamedia
=338  \\$avolume$2rdacarrier
=591  \\$aPapers. Described as proceedings. Held in conjunction with the 2004 Haptics symposium.
=540  \\$aCurrent copyright fee: GBP27.50$c32\0$5Uk
=653  1\$aVirtual reality
=653  1\$aHaptics
=653  2\$aComputer
=653  2\$aVR
=653  2\$aIEEE
=700  1\$aIkei, Yasushi.
=700  1\$aGobel, Martin.
=700  1\$aChen, Jim.
=710  2\$aIEEE Computer Society.
=711  2\$aHaptics (symposium)$d2004
=856  \\$31850-9999$uhttp://ieeexplore.ieee.org/Xplore/home.jsp$xBLDSS
=852  41$aBritish Library$bDSC$j4363.236300
=852  71$aBritish Library$bSTI$2blsrissc
=945  \\$aIEEE virtual reality annual international symposium, ISSN 1087-8270 ; 2004
=CAT  \\$a6019$b40$c20040621$lBLL01$h1424
=CAT  \\$aBATCH-CLA$b00$c20190830$lBLL01$h0233
=CAT  \\$aIPL-CLA$c20190930$lBLL01$h1636
=CAT  \\$aBATCH-UPD$b00$c20200219$lBLL01$h1532
=CAT  \\$aBATCH-CLA$b00$c20200220$lBLL01$h0451
=CAT  \\$aBATCH-CLA$b00$c20200220$lBLL01$h0511
=CAT  \\$aIPL-CLA$c20200331$lBLL01$h1612
=CAT  \\$aBATCH-UPD$b00$c20200522$lBLL01$h1515
=CAT  \\$aBATCH-CLA$b00$c20200523$lBLL01$h0510
=CAT  \\$aBATCH-CLA$b00$c20200523$lBLL01$h0533
=CAT  \\$aIPL-CLA$c20200701$lBLL01$h0054
=CAT  \\$aBATCH-UPD$b00$c20210226$lBLL01$h1058
=CAT  \\$aBATCH-CLA$b00$c20210227$lBLL01$h0500
=CAT  \\$aBATCH-CLA$b00$c20210227$lBLL01$h0523
=CAT  \\$aIPL-CLA$c20210331$lBLL01$h1841
=CAT  \\$aBATCH-UPD$b00$c20210707$lBLL01$h1621
=CAT  \\$aIPL-CLA$c20210707$lBLL01$h1955
=CAT  \\$aBATCH-CLA$b00$c20210708$lBLL01$h0431
=CAT  \\$aBATCH-UPD$b00$c20220520$lBLL01$h1702
=CAT  \\$aBATCH-CLA$b00$c20220521$lBLL01$h0436
=CAT  \\$aBATCH-CLA$b00$c20220521$lBLL01$h0457
=CAT  \\$aIPL-CLA$c20220630$lBLL01$h1706
=CAT  \\$aBATCH-UPD$b00$c20220824$lBLL01$h0925
=CAT  \\$aBATCH-CLA$b00$c20220825$lBLL01$h0450
=CAT  \\$aBATCH-CLA$b00$c20220825$lBLL01$h0508
=CAT  \\$aIPL-CLA$c20220930$lBLL01$h1554
=CFI  0\$aCurrent copyright fee: GBP27.50$c32\0$e01-oct-2022$fGBP27.50$g0$hP$5Uk
=CFI  2\$aPrevious copyright fee: GBP26.40$c32\0$e01-jul-2022$fGBP26.40$g0$hP$5Uk
=FFP  \\$aY$bBLDSS-3PM
=FIN  \\$aY
=LKR  \\$aANA$b009845055$lBLL01$r773$mVR 2004 : IEEE virtual reality 2004$nIEEE virtual reality annual international symposium$y2004$v2004
=TCO  \\$aTRS$bCCC$c008
=UNO  \\$aY
=ACF  \\$aPrevious copyright fee: GBP19.38$c32\0$e01-jan-2013$fGBP19.38$g0$hP$5Uk
=ACF  \\$aPrevious copyright fee: GBP20.00$c32\0$e01-jul-2013$fGBP20.00$g0$hP$5Uk
=ACF  \\$aPrevious copyright fee: GBP19.38$c32\0$e01-jan-2014$fGBP19.38$g0$hP$5Uk
=ACF  \\$aPrevious copyright fee: GBP18.79$c32\0$e01-jul-2014$fGBP18.79$g0$hP$5Uk
=ACF  \\$aPrevious copyright fee: GBP20.00$c32\0$e01-apr-2015$fGBP20.00$g0$hP$5Uk
=ACF  \\$aPrevious copyright fee: GBP20.67$c32\0$e01-jul-2015$fGBP20.67$g0$hP$5Uk
=ACF  \\$aPrevious copyright fee: GBP20.00$c32\0$e01-oct-2015$fGBP20.00$g0$hP$5Uk
=ACF  \\$aPrevious copyright fee: GBP21.38$c32\0$e01-apr-2016$fGBP21.38$g0$hP$5Uk
=ACF  \\$aPrevious copyright fee: GBP22.96$c32\0$e01-oct-2016$fGBP22.96$g0$hP$5Uk
=ACF  \\$aPrevious copyright fee: GBP24.44$c32\0$e01-jan-2017$fGBP24.44$g0$hP$5Uk
=ACF  \\$aPrevious copyright fee: GBP26.40$c32\0$e01-apr-2017$fGBP26.40$g0$hP$5Uk
=ACF  \\$aPrevious copyright fee: GBP26.40$c32\0$e01-jul-2020$fGBP26.40$g0$hP$5Uk
=LAS  \\$aIPL-CLA$b00$c20220930$lBLL01$h1554

