=LDR  03396cam a2200841 a 4500
=001  012971304
=003  Uk
=005  20230924062852.0
=008  040521m20049999ne\a\\\\\b\\\\001\0\eng\\
=FMT  \\$a  BK
=015  \\$aGBA459214$2bnb
=016  7\$a012971304$2Uk
=020  \\$a0127521879 (v. I) :$cNo price
=020  \\$a0127521887 (v. II) :$cNo price
=020  \\$a0127521895 (v. III) :$cNo price
=040  \\$aStDuBDS$dUk
=082  04$a621.36$222
=245  00$aSemiconducting chalcogenide glass /$c[edited by] Robert Fairman, Boris Ushkov.
=260  \\$aAmsterdam ;$aLondon :$bElsevier Academic Press,$c2004
=300  \\$av. :$bill. ;$c25 cm.
=336  \\$atext$2rdacontent
=337  \\$aunmediated$2rdamedia
=338  \\$avolume$2rdacarrier
=490  1\$aSemiconductors and semimetals,$x0080-8784 ;$vvv. 78-80
=505  1\$av. I. Glass formation, structure, and stimulated transformations in chalcogenide glasses -- v. II. Properties of chalcogenide glasses -- v. III. Applications of chalcogenide glasses.
=504  \\$aIncludes bibliographical references and index
=500  \\$aFormerly CIP.$5Uk
=540  \\$aCurrent copyright fee: GBP34.30$c5\1$5Uk
=650  \0$aChalcogenides.
=650  \0$aSemiconductors.
=650  \0$aOptical glass.
=650  \0$aGlass.
=740  02$aGlass formation, structure, and stimulated transformations in chalcogenide glasses.
=740  02$aProperties of chalcogenide glasses.
=700  1\$aFairman, Robert.
=700  1\$aUshkov, Boris.
=830  \0$aSemiconductors and semimetals,$x0080-8784 ;$vvv. 78-80
=856  \\$31850-9999$uhttp://www.elsevier.com/journals$xBLDSS
=852  41$aBritish Library$bDSC$j8238.850000$iVolume 79(2004)
=852  41$aBritish Library$bDSC$j8238.850000$iVolume 80(2004)
=852  41$aBritish Library$bSTI$iv. III
=852  41$aBritish Library$bDSC$j8238.850000$iVolume 78 (2004)
=CAT  \\$aBATCH$b00$c20040817$lBLL01$h2039
=CAT  \\$c20040817$lBLL01$h2045
=CAT  \\$a11317$b40$c20041110$lBLL01$h1159
=CAT  \\$a11317$b40$c20050210$lBLL01$h0813
=CAT  \\$a11317$b40$c20050210$lBLL01$h0814
=CAT  \\$a12324$b40$c20050613$lBLL01$h1608
=CAT  \\$a10932$b40$c20050615$lBLL01$h0922
=CAT  \\$aBATCH$b00$c20091217$lBLL01$h0325
=CAT  \\$aBATCH-CLA$b00$c20130525$lBLL01$h1836
=CAT  \\$aBATCH-CLA$b00$c20130526$lBLL01$h1644
=CAT  \\$aBLDSS-3PM$b00$c20141222$lBLL01$h1713
=CAT  \\$aWR16_021$c20160610$lBLL01$h1951
=CAT  \\$aBATCH-UPD$b00$c20160610$lBLL01$h2144
=CAT  \\$aBATCH-CLA$b00$c20160611$lBLL01$h0141
=CAT  \\$aBATCH-UPD$b00$c20171121$lBLL01$h1743
=CAT  \\$aIPL-CLA$c20171231$lBLL01$h1633
=CAT  \\$aBATCH-UPD$b00$c20190521$lBLL01$h1435
=CAT  \\$aBATCH-CLA$b00$c20190522$lBLL01$h0219
=CAT  \\$aBATCH-CLA$b00$c20190522$lBLL01$h0240
=CAT  \\$aIPL-CLA$c20190630$lBLL01$h1533
=CAT  \\$aBATCH-UPD$b00$c20211119$lBLL01$h1553
=CAT  \\$aBATCH-CLA$b00$c20211120$lBLL01$h0152
=CAT  \\$aBATCH-CLA$b00$c20211120$lBLL01$h0212
=CAT  \\$aIPL-CLA$c20211231$lBLL01$h1717
=CAT  \\$aW2308-1659$c20230923$lBLL01$h0907
=CAT  \\$aBATCH-CLA$b00$c20230924$lBLL01$h0628
=CFI  0\$aCurrent copyright fee: GBP34.30$c5\1$e01-jan-2022$fGBP34.30$g0$hP$5Uk
=FFP  \\$aY$bBLDSS-3PM
=FIN  \\$aY
=TCO  \\$aCLA$bCLA$c008
=LAS  \\$aBATCH-CLA$b00$c20230924$lBLL01$h0628

