=LDR  03905 am a2200889 a 4500
=001  013063295
=003  Uk
=005  20050118143008.0
=008  041210s2005\\\\gw\a\\\\\b\\\\001\0\eng\d
=FMT  \\$a  BK
=015  \\$aGBA503571$2bnb
=020  \\$a3540240071 (pbk.) :$cNo price
=040  \\$aUk$beng$cUk$dUk
=042  \\$aukblsr
=072  \7$aQA$2lcco
=082  04$a519.2$222
=100  1\$aCherny, Alexander S.
=245  10$aSingular stochastic differential equations /$cAlexander S. Cherny, Hans-Jürgen Engelbert.
=260  \\$aBerlin ;$a[Great Britain] :$bSpringer,$cc2005.
=300  \\$aviii, 128 p. :$bill. ;$c24 cm.
=336  \\$atext$2rdacontent
=337  \\$aunmediated$2rdamedia
=338  \\$avolume$2rdacarrier
=490  1\$aLecture notes in mathematics,$x0075-8434 ;$v1858
=504  \\$aIncludes bibliographical references (p. [119] - 121) and indexes.
=540  \\$aCurrent copyright fee: GBP19.00$c42\0$5Uk
=650  \0$aStochastic differential equations.
=700  1\$aEngelbert, Hans Jürgen.
=830  \0$aLecture notes in mathematics (Springer-Verlag) ;$v1858.
=856  \\$31850-9999$uhttp://www.springer.com/gb/$xBLDSS
=852  71$aBritish Library$bSTI$iIssue 1858(2004)
=852  41$aBritish Library$bDSC$j5180.200000$i2004:Issue 1858(2004)
=CAT  \\$a10963$b40$c20041214$lBLL01$h1617
=CAT  \\$aBATCH-CLA$c20140528$lBLL01$h1738
=CAT  \\$aIPL-CLA$c20140630$lBLL01$h1722
=CAT  \\$aBLDSS-3PM$b00$c20150102$lBLL01$h1730
=CAT  \\$aBATCH-UPD$b00$c20150219$lBLL01$h1909
=CAT  \\$aIPL-CLA$c20150331$lBLL01$h1638
=CAT  \\$aBATCH-UPD$b00$c20150405$lBLL01$h0819
=CAT  \\$aBATCH-UPD$b00$c20150520$lBLL01$h1906
=CAT  \\$aIPL-CLA$c20150630$lBLL01$h1646
=CAT  \\$aBATCH-UPD$b00$c20150820$lBLL01$h1938
=CAT  \\$aIPL-CLA$c20150930$lBLL01$h1805
=CAT  \\$aBATCH-UPD$b00$c20160217$lBLL01$h1835
=CAT  \\$aIPL-CLA$c20160331$lBLL01$h1726
=CAT  \\$aBATCH-UPD$b00$c20160524$lBLL01$h2238
=CAT  \\$aBATCH-UPD$b00$c20160525$lBLL01$h0439
=CAT  \\$aBATCH-UPD$b00$c20160824$lBLL01$h1855
=CAT  \\$aIPL-CLA$c20160930$lBLL01$h1602
=CAT  \\$aBATCH-UPD$b00$c20170216$lBLL01$h1940
=CAT  \\$aIPL-CLA$c20170331$lBLL01$h1844
=CAT  \\$aW1707-0052$c20170703$lBLL01$h1843
=CAT  \\$aBATCH-UPD$b00$c20170904$lBLL01$h2003
=CAT  \\$aIPL-CLA$c20170929$lBLL01$h1728
=CAT  \\$aBATCH-UPD$b00$c20180223$lBLL01$h1900
=CAT  \\$aIPL-CLA$c20180331$lBLL01$h1619
=CAT  \\$aBATCH-UPD$b00$c20180524$lBLL01$h1755
=CAT  \\$aIPL-CLA$c20180630$lBLL01$h1916
=CFI  0\$aCurrent copyright fee: GBP19.00$c42\0$e01-jul-2018$fGBP19.00$g0$hP$5Uk
=CFI  2\$aPrevious copyright fee: GBP21.39$c42\0$e01-apr-2018$fGBP21.39$g0$hP$5Uk
=FFP  \\$aY$bBLDSS-3PM
=FIN  \\$aY$d20050118
=SID  \\$aZ39$bOCLC
=TCO  \\$aDEU$bVG WORT$c008
=UNO  \\$aY
=ACF  \\$aPrevious copyright fee: GBP18.72$c42\0$e01-jan-2013$fGBP18.72$g0$hP$5Uk
=ACF  \\$aPrevious copyright fee: GBP19.32$c42\0$e01-jul-2013$fGBP19.32$g0$hP$5Uk
=ACF  \\$aPrevious copyright fee: GBP18.72$c42\0$e01-jan-2014$fGBP18.72$g0$hP$5Uk
=ACF  \\$aPrevious copyright fee: GBP18.15$c42\0$e01-jul-2014$fGBP18.15$g0$hP$5Uk
=ACF  \\$aPrevious copyright fee: GBP19.32$c42\0$e01-apr-2015$fGBP19.32$g0$hP$5Uk
=ACF  \\$aPrevious copyright fee: GBP19.97$c42\0$e01-jul-2015$fGBP19.97$g0$hP$5Uk
=ACF  \\$aPrevious copyright fee: GBP19.32$c42\0$e01-oct-2015$fGBP19.32$g0$hP$5Uk
=ACF  \\$aPrevious copyright fee: GBP20.66$c42\0$e01-apr-2016$fGBP20.66$g0$hP$5Uk
=ACF  \\$aPrevious copyright fee: GBP22.19$c42\0$e01-oct-2016$fGBP22.19$g0$hP$5Uk
=ACF  \\$aPrevious copyright fee: GBP23.96$c42\0$e01-apr-2017$fGBP23.96$g0$hP$5Uk
=ACF  \\$aPrevious copyright fee: GBP23.04$c42\0$e01-oct-2017$fGBP23.04$g0$hP$5Uk
=LAS  \\$aIPL-CLA$b00$c20180630$lBLL01$h1916

