=LDR  02293 am a22005897a 4500
=001  013078212
=003  Uk
=005  20050119131557.0
=008  040818s2004\\\\ne\\\\\\\b\\\\001\0\fre\\
=FMT  \\$a  BK
=010  \\$a2004058074
=020  \\$a9004141707 (alk. paper)
=040  \\$aDLC$cDLC
=041  1\$afre$alat$hlat
=043  \\$ae-fr---
=050  00$aKBR1268$b.A3 2004
=082  00$a262.922$222
=130  0\$aAd Gallos episcopos.$lFrench
=245  13$aLa décrétale Ad Gallos episcopos :$bson texte et son auteur, texte critique, traduction française et commentaire /$cpar Yves-Marie Duval.
=260  \\$aLeiden :$bBrill,$c2005.
=300  \\$aix, 177 p. ;$c25 cm.
=336  \\$atext$2rdacontent
=337  \\$aunmediated$2rdamedia
=338  \\$avolume$2rdacarrier
=490  1\$aSupplements to Vigiliae Christianae,$x0920-623X ;$vv. 73
=546  \\$aIn French and Latin, including French translation of original Latin text contained in Concilia antiqua Galliae by Jacques Sirmond.
=504  \\$aIncludes bibliographical references and index.
=540  \\$aCurrent copyright fee: GBP22.00$c74\0$5Uk
=650  \0$aCanon law$vSources.
=700  1\$aDuval, Yves-Marie.
=700  1\$aSirmond, Jacques,$d1559-1651.$tConcilia antiqua Galliae.
=830  \0$aSupplements to Vigiliae Christianae,$x0920-623X ;$vv. 73
=856  \\$31850-9999$uhttp://www.brill.com/$xBLDSS
=852  41$aBritish Library$bDSC$j9236.081000$iVolume 73(2005)
=852  41$aBritish Library$bHMNTS$iVolume 73 (2005)
=CAT  \\$a7164$b40$c20050110$lBLL01$h1404
=CAT  \\$a7164$b40$c20050110$lBLL01$h1405
=CAT  \\$a5375$b40$c20050117$lBLL01$h1407
=CAT  \\$a11070$b40$c20050119$lBLL01$h1315
=CAT  \\$aBATCH$b00$c20091217$lBLL01$h0338
=CAT  \\$aBATCH-CLA$b00$c20130525$lBLL01$h1844
=CAT  \\$aBLDSS-3PM$b00$c20150131$lBLL01$h2312
=CAT  \\$aBATCH-CLA$b00$c20150201$lBLL01$h0036
=CAT  \\$aBATCH-UPD$b00$c20160524$lBLL01$h2300
=CAT  \\$aBATCH-UPD$b00$c20160525$lBLL01$h0652
=CFI  0\$aCurrent copyright fee: GBP22.00$c74\0$e05-nov-2012$fGBP22.00$g0$hP$5Uk
=FFP  \\$aY$bBLDSS-3PM
=FIN  \\$aY$d20050119
=SID  \\$aZ39$bLOC
=TCO  \\$aNLD$bSTICHTING REPRORECHT$c008
=UNO  \\$aY
=LAS  \\$aBATCH-UPD$b00$c20160525$lBLL01$h0652

