=LDR  04563 am a2201021 a 4500
=001  013137943
=003  Uk
=005  20050412132037.0
=008  050208s2005\\\\gw\a\\\\\b\\\\101\0\eng\\
=FMT  \\$a  BK
=010  \\$a2005921896
=015  \\$aGBA530531$2bnb
=020  \\$a3540252339
=020  \\$a3540252339 (pbk.) :$cNo price
=040  \\$aDLC$cDLC$dUk
=042  \\$aukblsr
=082  04$a004.65$222
=111  2\$aDBISP2P 2004$d(2004 :$cToronto, Ontario)
=CNF  \\$aDatabases, information systems, and peer-to-peer computing (International workshop)$n(2nd :$d2004 Aug :$cToronto)
=245  10$aDatabases, information systems, and peer-to-peer computing :$bsecond international workshop, DBISP2P 2004, Toronto, Canada, August 29-30, 2004, revised selected papers /$cWee Siong Ng ... [et al.] (eds.).
=260  \\$aBerlin ;$a[London] :$bSpringer,$cc2005.
=300  \\$ax, 231 p. :$bill. ;$c24 cm.
=336  \\$atext$2rdacontent
=337  \\$aunmediated$2rdamedia
=338  \\$avolume$2rdacarrier
=490  1\$aLecture notes in computer science,$x0302-9743 ;$v3367
=500  \\$aConference proceedings.
=504  \\$aIncludes bibliographical references and index.
=591  \\$aSelected reviewed papers.
=540  \\$aCurrent copyright fee: GBP19.00$c42\0$5Uk
=650  \0$aPeer-to-peer architecture (Computer networks)$vCongresses.
=650  \0$aDatabase management$vCongresses.
=650  \0$aManagement information systems$vCongresses.
=653  1\$aDatabases
=653  1\$aInformation systems
=653  1\$aPeer-to-peer computing
=653  1\$aDBISP2P
=700  1\$aNg, Wee Siong.
=830  \0$aLecture notes in computer science,$x0302-9743 ;$v3367
=856  \\$31850-9999$uhttp://www.springer.com/gb/$xBLDSS
=852  41$aBritish Library$bDSC$j5180.185000$iIssue 3367(2005)
=852  71$aBritish Library$bSTI$iIssue 3367(2005)
=945  \\$aLecture notes computer science, ISSN 0302-9743 ; 3367 2005
=CAT  \\$a5859$b40$c20050317$lBLL01$h1421
=CAT  \\$aIPL-CLA$c20131231$lBLL01$h2348
=CAT  \\$aBATCH-UPD$b00$c20140527$lBLL01$h2224
=CAT  \\$aBATCH-CLA$c20140528$lBLL01$h1740
=CAT  \\$aIPL-CLA$c20140630$lBLL01$h1723
=CAT  \\$aBLDSS-3PM$b00$c20150102$lBLL01$h1730
=CAT  \\$aBATCH-UPD$b00$c20150219$lBLL01$h1910
=CAT  \\$aIPL-CLA$c20150331$lBLL01$h1639
=CAT  \\$aBATCH-UPD$b00$c20150520$lBLL01$h1907
=CAT  \\$aIPL-CLA$c20150630$lBLL01$h1647
=CAT  \\$aBATCH-UPD$b00$c20150820$lBLL01$h1939
=CAT  \\$aIPL-CLA$c20150930$lBLL01$h1807
=CAT  \\$aBATCH-UPD$b00$c20160217$lBLL01$h1836
=CAT  \\$aIPL-CLA$c20160331$lBLL01$h1728
=CAT  \\$aBATCH-UPD$b00$c20160524$lBLL01$h2239
=CAT  \\$aBATCH-UPD$b00$c20160525$lBLL01$h0441
=CAT  \\$aBATCH-UPD$b00$c20160824$lBLL01$h1856
=CAT  \\$aIPL-CLA$c20160930$lBLL01$h1604
=CAT  \\$aBATCH-UPD$b00$c20170216$lBLL01$h1941
=CAT  \\$aIPL-CLA$c20170331$lBLL01$h1845
=CAT  \\$aBATCH-UPD$b00$c20170904$lBLL01$h2004
=CAT  \\$aIPL-CLA$c20170929$lBLL01$h1729
=CAT  \\$aBATCH-UPD$b00$c20180223$lBLL01$h1900
=CAT  \\$aIPL-CLA$c20180331$lBLL01$h1620
=CAT  \\$aBATCH-UPD$b00$c20180524$lBLL01$h1755
=CAT  \\$aIPL-CLA$c20180630$lBLL01$h1917
=CFI  0\$aCurrent copyright fee: GBP19.00$c42\0$e01-jul-2018$fGBP19.00$g0$hP$5Uk
=CFI  2\$aPrevious copyright fee: GBP21.39$c42\0$e01-apr-2018$fGBP21.39$g0$hP$5Uk
=FFP  \\$aY$bBLDSS-3PM
=FIN  \\$aY$d20050411
=SID  \\$aZ39$bLOC
=TCO  \\$aDEU$bVG WORT$c008
=UNO  \\$aY
=ACF  \\$aPrevious copyright fee: GBP18.72$c42\0$e01-jan-2013$fGBP18.72$g0$hP$5Uk
=ACF  \\$aPrevious copyright fee: GBP19.32$c42\0$e01-jul-2013$fGBP19.32$g0$hP$5Uk
=ACF  \\$aPrevious copyright fee: GBP18.72$c42\0$e01-jan-2014$fGBP18.72$g0$hP$5Uk
=ACF  \\$aPrevious copyright fee: GBP18.15$c42\0$e01-jul-2014$fGBP18.15$g0$hP$5Uk
=ACF  \\$aPrevious copyright fee: GBP19.32$c42\0$e01-apr-2015$fGBP19.32$g0$hP$5Uk
=ACF  \\$aPrevious copyright fee: GBP19.97$c42\0$e01-jul-2015$fGBP19.97$g0$hP$5Uk
=ACF  \\$aPrevious copyright fee: GBP19.32$c42\0$e01-oct-2015$fGBP19.32$g0$hP$5Uk
=ACF  \\$aPrevious copyright fee: GBP20.66$c42\0$e01-apr-2016$fGBP20.66$g0$hP$5Uk
=ACF  \\$aPrevious copyright fee: GBP22.19$c42\0$e01-oct-2016$fGBP22.19$g0$hP$5Uk
=ACF  \\$aPrevious copyright fee: GBP23.96$c42\0$e01-apr-2017$fGBP23.96$g0$hP$5Uk
=ACF  \\$aPrevious copyright fee: GBP23.04$c42\0$e01-oct-2017$fGBP23.04$g0$hP$5Uk
=LAS  \\$aIPL-CLA$b00$c20180630$lBLL01$h1917

