=LDR  03933caa a22008657a 4500
=001  013191496
=003  Uk
=005  20220930155626.0
=008  050505s2005\\\\xxu\\\\\\\\\\\100\0\eng\\
=FMT  \\$a  BK
=020  \\$a0780389298 (pbk)$c£111.
=040  \\$aUk$beng$cUk
=CNF  \\$aVirtual reality (Conference)$d(2005 Mar :$cBonn, Germany)
=245  00$aVirtual reality 2005.
=260  \\$bIEEE,$c2005.
=300  \\$a1 v.
=336  \\$atext$2rdacontent
=337  \\$aunmediated$2rdamedia
=338  \\$avolume$2rdacarrier
=591  \\$aPapers. Described as proceedings.
=540  \\$aCurrent copyright fee: GBP27.50$c32\0$5Uk
=653  1\$aVirtual reality
=653  1\$aIEEE
=710  2\$aInstitute of Electrical and Electronics Engineers.
=856  \\$31850-9999$uhttp://ieeexplore.ieee.org/Xplore/home.jsp$xBLDSS
=852  41$aBritish Library$bDSC$j4363.236300
=852  71$aBritish Library$bSTI$2blsrissc
=945  \\$aIEEE virtual reality annual international symposium, ISSN 1087-8270 ; 2005
=CAT  \\$a6019$b40$c20050505$lBLL01$h1224
=CAT  \\$aBATCH-CLA$b00$c20190830$lBLL01$h0234
=CAT  \\$aIPL-CLA$c20190930$lBLL01$h1638
=CAT  \\$aBATCH-UPD$b00$c20200219$lBLL01$h1532
=CAT  \\$aBATCH-CLA$b00$c20200220$lBLL01$h0451
=CAT  \\$aBATCH-CLA$b00$c20200220$lBLL01$h0511
=CAT  \\$aIPL-CLA$c20200331$lBLL01$h1614
=CAT  \\$aBATCH-UPD$b00$c20200522$lBLL01$h1516
=CAT  \\$aBATCH-CLA$b00$c20200523$lBLL01$h0510
=CAT  \\$aBATCH-CLA$b00$c20200523$lBLL01$h0533
=CAT  \\$aIPL-CLA$c20200701$lBLL01$h0056
=CAT  \\$aBATCH-UPD$b00$c20210226$lBLL01$h1058
=CAT  \\$aBATCH-CLA$b00$c20210227$lBLL01$h0500
=CAT  \\$aBATCH-CLA$b00$c20210227$lBLL01$h0524
=CAT  \\$aIPL-CLA$c20210331$lBLL01$h1843
=CAT  \\$aBATCH-UPD$b00$c20210707$lBLL01$h1621
=CAT  \\$aIPL-CLA$c20210707$lBLL01$h1955
=CAT  \\$aBATCH-CLA$b00$c20210708$lBLL01$h0431
=CAT  \\$aBATCH-UPD$b00$c20220520$lBLL01$h1702
=CAT  \\$aBATCH-CLA$b00$c20220521$lBLL01$h0436
=CAT  \\$aBATCH-CLA$b00$c20220521$lBLL01$h0458
=CAT  \\$aIPL-CLA$c20220630$lBLL01$h1708
=CAT  \\$aBATCH-UPD$b00$c20220824$lBLL01$h0926
=CAT  \\$aBATCH-CLA$b00$c20220825$lBLL01$h0450
=CAT  \\$aBATCH-CLA$b00$c20220825$lBLL01$h0508
=CAT  \\$aIPL-CLA$c20220930$lBLL01$h1556
=CFI  0\$aCurrent copyright fee: GBP27.50$c32\0$e01-oct-2022$fGBP27.50$g0$hP$5Uk
=CFI  2\$aPrevious copyright fee: GBP26.40$c32\0$e01-jul-2022$fGBP26.40$g0$hP$5Uk
=FFP  \\$aY$bBLDSS-3PM
=FIN  \\$aY$d20050505
=LKR  \\$aANA$b009845055$lBLL01$nIEEE virtual reality annual international symposium.$r773$y2005$v2005$mVirtual reality 2005.
=TCO  \\$aTRS$bCCC$c008
=UNO  \\$aY
=ACF  \\$aPrevious copyright fee: GBP18.79$c32\0$e01-jul-2012$fGBP18.79$g0$hP$5Uk
=ACF  \\$aPrevious copyright fee: GBP19.38$c32\0$e01-jan-2013$fGBP19.38$g0$hP$5Uk
=ACF  \\$aPrevious copyright fee: GBP20.00$c32\0$e01-jul-2013$fGBP20.00$g0$hP$5Uk
=ACF  \\$aPrevious copyright fee: GBP19.38$c32\0$e01-jan-2014$fGBP19.38$g0$hP$5Uk
=ACF  \\$aPrevious copyright fee: GBP18.79$c32\0$e01-jul-2014$fGBP18.79$g0$hP$5Uk
=ACF  \\$aPrevious copyright fee: GBP20.00$c32\0$e01-apr-2015$fGBP20.00$g0$hP$5Uk
=ACF  \\$aPrevious copyright fee: GBP20.67$c32\0$e01-jul-2015$fGBP20.67$g0$hP$5Uk
=ACF  \\$aPrevious copyright fee: GBP20.00$c32\0$e01-oct-2015$fGBP20.00$g0$hP$5Uk
=ACF  \\$aPrevious copyright fee: GBP21.38$c32\0$e01-apr-2016$fGBP21.38$g0$hP$5Uk
=ACF  \\$aPrevious copyright fee: GBP22.96$c32\0$e01-oct-2016$fGBP22.96$g0$hP$5Uk
=ACF  \\$aPrevious copyright fee: GBP24.44$c32\0$e01-jan-2017$fGBP24.44$g0$hP$5Uk
=ACF  \\$aPrevious copyright fee: GBP26.40$c32\0$e01-apr-2017$fGBP26.40$g0$hP$5Uk
=ACF  \\$aPrevious copyright fee: GBP26.40$c32\0$e01-jul-2020$fGBP26.40$g0$hP$5Uk
=LAS  \\$aIPL-CLA$b00$c20220930$lBLL01$h1556

