=LDR  04285 am a2200949 a 4500
=001  013209642
=003  Uk
=005  20050608121636.0
=008  050531s2005\\\\gw\a\\\\\b\\\\101\0\eng\\
=FMT  \\$a  BK
=015  \\$aGBA547805$2bnb
=020  \\$a9783540258773 (pbk.) :$cNo price
=020  \\$a3540258779 (pbk.) :$cNo price
=040  \\$aUk$beng$cUk
=042  \\$aukblsr
=082  04$a005.1$222
=111  2\$aCBSE 2005$d(2005 :$cSaint Louis, Mo.)
=CNF  \\$aComponent-based software engineering (International symposium)$n(8th :$d2005 May :$cSaint Louis, Mo.)
=245  10$aComponent-based software engineering :$b8th international symposium, CBSE 2005, St. Louis, MO, USA, May 14-15, 2005, proceedings /$cGeorge T. Heineman ... [et al.], (eds.).
=260  \\$aBerlin ;$a[London] :$bSpringer,$cc2005.
=300  \\$axi, 358 p. :$bill. ;$c24 cm.
=336  \\$atext$2rdacontent
=337  \\$aunmediated$2rdamedia
=338  \\$avolume$2rdacarrier
=490  1\$aLecture notes in computer science,$x0302-9743 ;$v3489
=500  \\$aConference proceedings.
=504  \\$aIncludes bibliographical references and index.
=591  \\$aSelected papers.
=540  \\$aCurrent copyright fee: GBP19.00$c42\0$5Uk
=650  \0$aSoftware engineering$vCongresses.
=653  1\$aComponent-based software engineering
=653  1\$aCBSE
=700  1\$aHeineman, George T.
=830  \0$aLecture notes in computer science,$x0302-9743 ;$v3489
=856  \\$31850-9999$uhttp://www.springer.com/gb/$xBLDSS
=852  41$aBritish Library$bDSC$j5180.185000$i3489
=852  41$aBritish Library$bSTI$i3489
=945  \\$aLecture notes in computer science, ISSN 0302-9743 ; vol 3489 2005
=CAT  \\$a8197$b40$c20050531$lBLL01$h1444
=CAT  \\$aBATCH-CLA$c20140528$lBLL01$h1740
=CAT  \\$aIPL-CLA$c20140630$lBLL01$h1724
=CAT  \\$aBLDSS-3PM$b00$c20150102$lBLL01$h1730
=CAT  \\$aBATCH-UPD$b00$c20150219$lBLL01$h1910
=CAT  \\$aIPL-CLA$c20150331$lBLL01$h1640
=CAT  \\$aBATCH-UPD$b00$c20150405$lBLL01$h0832
=CAT  \\$aBATCH-UPD$b00$c20150520$lBLL01$h1907
=CAT  \\$aBATCH-UPD$b00$c20150521$lBLL01$h1244
=CAT  \\$aIPL-CLA$c20150630$lBLL01$h1647
=CAT  \\$aBATCH-UPD$b00$c20150820$lBLL01$h1939
=CAT  \\$aIPL-CLA$c20150930$lBLL01$h1808
=CAT  \\$aBATCH-UPD$b00$c20160217$lBLL01$h1836
=CAT  \\$aIPL-CLA$c20160331$lBLL01$h1729
=CAT  \\$aBATCH-UPD$b00$c20160524$lBLL01$h2239
=CAT  \\$aBATCH-UPD$b00$c20160525$lBLL01$h0442
=CAT  \\$aBATCH-UPD$b00$c20160824$lBLL01$h1856
=CAT  \\$aIPL-CLA$c20160930$lBLL01$h1604
=CAT  \\$aBATCH-UPD$b00$c20170216$lBLL01$h1941
=CAT  \\$aIPL-CLA$c20170331$lBLL01$h1845
=CAT  \\$aBATCH-UPD$b00$c20170904$lBLL01$h2004
=CAT  \\$aIPL-CLA$c20170929$lBLL01$h1730
=CAT  \\$aBATCH-UPD$b00$c20180223$lBLL01$h1901
=CAT  \\$aIPL-CLA$c20180331$lBLL01$h1621
=CAT  \\$aBATCH-UPD$b00$c20180524$lBLL01$h1755
=CAT  \\$aIPL-CLA$c20180630$lBLL01$h1917
=CFI  0\$aCurrent copyright fee: GBP19.00$c42\0$e01-jul-2018$fGBP19.00$g0$hP$5Uk
=CFI  2\$aPrevious copyright fee: GBP21.39$c42\0$e01-apr-2018$fGBP21.39$g0$hP$5Uk
=FFP  \\$aY$bBLDSS-3PM
=FIN  \\$aY$d20050606
=TCO  \\$aDEU$bVG WORT$c008
=UNO  \\$aY
=ACF  \\$aPrevious copyright fee: GBP18.72$c42\0$e01-jan-2013$fGBP18.72$g0$hP$5Uk
=ACF  \\$aPrevious copyright fee: GBP19.32$c42\0$e01-jul-2013$fGBP19.32$g0$hP$5Uk
=ACF  \\$aPrevious copyright fee: GBP18.72$c42\0$e01-jan-2014$fGBP18.72$g0$hP$5Uk
=ACF  \\$aPrevious copyright fee: GBP18.15$c42\0$e01-jul-2014$fGBP18.15$g0$hP$5Uk
=ACF  \\$aPrevious copyright fee: GBP19.32$c42\0$e01-apr-2015$fGBP19.32$g0$hP$5Uk
=ACF  \\$aPrevious copyright fee: GBP19.97$c42\0$e01-jul-2015$fGBP19.97$g0$hP$5Uk
=ACF  \\$aPrevious copyright fee: GBP19.32$c42\0$e01-oct-2015$fGBP19.32$g0$hP$5Uk
=ACF  \\$aPrevious copyright fee: GBP20.66$c42\0$e01-apr-2016$fGBP20.66$g0$hP$5Uk
=ACF  \\$aPrevious copyright fee: GBP22.19$c42\0$e01-oct-2016$fGBP22.19$g0$hP$5Uk
=ACF  \\$aPrevious copyright fee: GBP23.96$c42\0$e01-apr-2017$fGBP23.96$g0$hP$5Uk
=ACF  \\$aPrevious copyright fee: GBP23.04$c42\0$e01-oct-2017$fGBP23.04$g0$hP$5Uk
=LAS  \\$aIPL-CLA$b00$c20180630$lBLL01$h1917

