=LDR  02772cam a2200709 a 4500
=001  013436254
=003  Uk
=005  20211231172028.0
=008  060322m20069999pauac\\\\b\\\\001\0\eng\d
=FMT  \\$a  BK
=020  \\$a1416035281 (pt. 1)
=020  \\$a1416036733 (pt. 2)
=040  \\$aCOA$cCOA$dUk
=050  14$aRC60$b.M4 v. 90, no. 2-3
=245  00$aEmergencies in the outpatient setting /$cguest editors, Robert L. Rogers, Joseph P. Martinez.
=260  \\$aPhiladelphia ;$aLondon :$bSaunders,$c2006.
=300  \\$a2 v. :$bill., ports. ;$c24 cm.
=336  \\$atext$2rdacontent
=337  \\$aunmediated$2rdamedia
=338  \\$avolume$2rdacarrier
=490  1\$aMedical clinics of North America,$x0025-7125 ;$vv. 90, no. 2-3
=500  \\$a"May, 2006"--V. 1-2.
=504  \\$aIncludes bibliographical references and indexes.
=540  \\$aCurrent copyright fee: GBP34.30$c5\1$5Uk
=650  \0$aEmergency medicine.
=650  \0$aAmbulatory medical care.
=650  \0$aHospitals$xOutpatient services.
=700  1\$aRogers, Robert L.
=700  1\$aMartinez, Joseph P.
=830  \0$aMedical clinics of North America,$x0025-7125 ;$vv. 90, no. 2-3
=856  \\$31850-9999$uhttp://www.elsevier.com/journals$xBLDSS
=852  41$aBritish Library$bDSC$j5527.000000$iv. 90:no. 2
=852  41$aBritish Library$bDSC$ipt. 2
=CAT  \\$a9504$b40$c20060328$lBLL01$h1346
=CAT  \\$a9504$b40$c20060328$lBLL01$h1351
=CAT  \\$a11317$b40$c20060329$lBLL01$h0852
=CAT  \\$aBATCH$b00$c20091217$lBLL01$h0417
=CAT  \\$aBATCH$b00$c20100103$lBLL01$h1211
=CAT  \\$aBATCH-CLA$b00$c20130525$lBLL01$h1845
=CAT  \\$aBATCH-CLA$b00$c20140113$lBLL01$h0041
=CAT  \\$aBATCH-CLA$b00$c20140219$lBLL01$h0039
=CAT  \\$aBATCH-CLA$c20140226$lBLL01$h2038
=CAT  \\$aBLDSS-3PM$b00$c20141222$lBLL01$h1715
=CAT  \\$aBATCH-UPD$b00$c20170705$lBLL01$h1726
=CAT  \\$aBATCH-CLA$b00$c20170706$lBLL01$h0115
=CAT  \\$aBATCH-UPD$b00$c20171121$lBLL01$h1746
=CAT  \\$aIPL-CLA$c20171231$lBLL01$h1653
=CAT  \\$aBATCH-UPD$b00$c20190521$lBLL01$h1437
=CAT  \\$aBATCH-CLA$b00$c20190522$lBLL01$h0203
=CAT  \\$aBATCH-CLA$b00$c20190522$lBLL01$h0240
=CAT  \\$aIPL-CLA$c20190630$lBLL01$h1536
=CAT  \\$aBATCH-UPD$b00$c20211119$lBLL01$h1555
=CAT  \\$aBATCH-CLA$b00$c20211120$lBLL01$h0133
=CAT  \\$aBATCH-CLA$b00$c20211120$lBLL01$h0213
=CAT  \\$aIPL-CLA$c20211231$lBLL01$h1720
=CFI  0\$aCurrent copyright fee: GBP34.30$c5\1$e01-jan-2022$fGBP34.30$g0$hP$5Uk
=CFI  2\$aPrevious copyright fee: GBP32.84$c5\1$e01-jul-2019$fGBP32.84$g0$hP$5Uk
=FFP  \\$aY$bBLDSS-3PM
=FIN  \\$aY$d20060329
=SID  \\$aZ39$bOCLC
=TCO  \\$aTRS$bCCC$c008
=LAS  \\$aIPL-CLA$b00$c20211231$lBLL01$h1720

