=LDR  02589cam a22006497a 4500
=001  013439307
=003  Uk
=005  20211231172029.0
=008  060330m20069999xxua\\\\\b\\\\001\0\eng\\
=FMT  \\$a  BK
=020  \\$a1416035397
=040  \\$aUk$beng$cUk
=245  00$aPediatric emergencies /$cguest editors, Donald Van Wie, Ghazala Q. Sharieff, James E. Colletti.
=260  \\$aPhiladelphia, Pa. ;$aLondon :$bSaunders,$c2006-
=300  \\$av. :$bill. ;$c24 cm.
=336  \\$atext$2rdacontent
=337  \\$aunmediated$2rdamedia
=338  \\$avolume$2rdacarrier
=490  1\$aPediatric clinics of North America,$x0031-3955 ;$vv. 53, no. 1-2
=504  \\$aIncludes bibliographical references and index.
=540  \\$aCurrent copyright fee: GBP34.30$c5\1$5Uk
=700  1\$aVan Wie, Donald.
=700  1\$aSharieff, Ghazala Q.
=700  1\$aColletti, James E.
=830  \0$aPediatric clinics of North America,$x0031-3955 ;$vv. 53, no. 1-2
=856  \\$31850-9999$uhttp://www.elsevier.com/journals$xBLDSS
=852  41$aBritish Library$bDSC$j6417.550000$iv. 53, no. 1
=852  41$aBritish Library$bDSC$ivol. 53, no. 2
=CAT  \\$a7164$b40$c20060330$lBLL01$h0831
=CAT  \\$a10746$b40$c20060330$lBLL01$h1123
=CAT  \\$a11250$b40$c20060508$lBLL01$h1140
=CAT  \\$a11250$b40$c20060508$lBLL01$h1155
=CAT  \\$a11250$b40$c20060508$lBLL01$h1156
=CAT  \\$aBATCH$b00$c20091217$lBLL01$h0417
=CAT  \\$aBATCH$b00$c20100103$lBLL01$h1211
=CAT  \\$aBATCH-CLA$b00$c20130525$lBLL01$h1837
=CAT  \\$aBATCH-CLA$b00$c20140113$lBLL01$h0041
=CAT  \\$aBATCH-CLA$b00$c20140220$lBLL01$h0039
=CAT  \\$aBATCH-CLA$c20140226$lBLL01$h2039
=CAT  \\$aBLDSS-3PM$b00$c20141222$lBLL01$h1715
=CAT  \\$aBATCH-UPD$b00$c20171121$lBLL01$h1746
=CAT  \\$aBATCH-UPD$b00$c20171121$lBLL01$h2359
=CAT  \\$aIPL-CLA$c20171231$lBLL01$h1653
=CAT  \\$aBATCH-UPD$b00$c20190521$lBLL01$h1437
=CAT  \\$aBATCH-CLA$b00$c20190522$lBLL01$h0220
=CAT  \\$aBATCH-CLA$b00$c20190522$lBLL01$h0240
=CAT  \\$aIPL-CLA$c20190630$lBLL01$h1536
=CAT  \\$aBATCH-UPD$b00$c20211119$lBLL01$h1555
=CAT  \\$aBATCH-CLA$b00$c20211120$lBLL01$h0153
=CAT  \\$aBATCH-CLA$b00$c20211120$lBLL01$h0213
=CAT  \\$aIPL-CLA$c20211231$lBLL01$h1720
=CFI  0\$aCurrent copyright fee: GBP34.30$c5\1$e01-jan-2022$fGBP34.30$g0$hP$5Uk
=CFI  2\$aPrevious copyright fee: GBP32.84$c5\1$e01-jul-2019$fGBP32.84$g0$hP$5Uk
=FFP  \\$aY$bBLDSS-3PM
=FIN  \\$aY$d20060330
=TCO  \\$aCLA$bCLA$c008
=LAS  \\$aIPL-CLA$b00$c20211231$lBLL01$h1720

