=LDR  05914cas a22011533  4500
=001  009845055
=003  Uk
=005  20220930142421.0
=008  040409c199u9999xxuar\p|||\\\\1\\\a0eng\\
=FMT  \\$a  SE
=019  c\$a2487861
=040  \\$aUk$cUk
=245  00$aIEEE virtual reality annual international symposium.
=246  3\$aIEEE virtual reality
=310  \\$aAnnual
=336  \\$atext$2rdacontent
=337  \\$aunmediated$2rdamedia
=338  \\$avolume$2rdacarrier
=595  \\$aContd as 9240.72718 1995- Formerly 9240.72718 up to 1995.
=540  \\$aCurrent copyright fee: GBP27.50$c32\0$5Uk
=856  \\$31850-9999$uhttp://ieeexplore.ieee.org/Xplore/home.jsp$xBLDSS
=852  41$aBritish Library$bDSC$j4363.236300$3(1993), (1996)- (2005)
=852  71$aBritish Library$bSTI$2blsrissc$3Vol. 1 (1995); vol. 3 (1997); vol. 5 (1998)
=945  \\$aIEEE virtual reality annual international symposium
=959  \\$fNot currently received
=A02  \\$a2487861
=CAT  \\$aCONV$b00$c20040425$lBLL90$h0704
=CAT  \\$aIPL-CLA$c20160930$lBLL01$h1550
=CAT  \\$aBATCH-UPD$b00$c20161122$lBLL01$h1532
=CAT  \\$aIPL-CLA$c20161230$lBLL01$h1917
=CAT  \\$aBATCH-UPD$b00$c20170221$lBLL01$h1733
=CAT  \\$aIPL-CLA$c20170331$lBLL01$h1833
=CAT  \\$aBATCH-UPD$b00$c20170904$lBLL01$h1934
=CAT  \\$aIPL-CLA$c20170929$lBLL01$h1716
=CAT  \\$aBATCH-UPD$b00$c20180223$lBLL01$h1809
=CAT  \\$aIPL-CLA$c20180331$lBLL01$h1604
=CAT  \\$aBATCH-UPD$b00$c20180823$lBLL01$h1950
=CAT  \\$aIPL-CLA$c20180930$lBLL01$h1454
=CAT  \\$aBATCH-UPD$b00$c20190829$lBLL01$h1550
=CAT  \\$aIPL-CLA$c20190930$lBLL01$h1631
=CAT  \\$aBATCH-UPD$b00$c20200219$lBLL01$h1531
=CAT  \\$aIPL-CLA$c20200331$lBLL01$h1607
=CAT  \\$aBATCH-UPD$b00$c20200522$lBLL01$h1515
=CAT  \\$aIPL-CLA$c20200701$lBLL01$h0048
=CAT  \\$aBATCH-UPD$b00$c20210226$lBLL01$h1057
=CAT  \\$aIPL-CLA$c20210331$lBLL01$h1656
=CAT  \\$aBATCH-UPD$b00$c20210707$lBLL01$h1620
=CAT  \\$aIPL-CLA$c20210707$lBLL01$h1842
=CAT  \\$aBATCH-UPD$b00$c20220520$lBLL01$h1701
=CAT  \\$aIPL-CLA$c20220630$lBLL01$h1534
=CAT  \\$aBATCH-UPD$b00$c20220824$lBLL01$h0925
=CAT  \\$aIPL-CLA$c20220930$lBLL01$h1424
=CFI  0\$aCurrent copyright fee: GBP27.50$c32\0$e01-oct-2022$fGBP27.50$g0$hP$5Uk
=CFI  2\$aPrevious copyright fee: GBP26.40$c32\0$e01-jul-2022$fGBP26.40$g0$hP$5Uk
=FFP  \\$aY$bBLDSS-3PM
=FIN  \\$aY
=LEO  \\$aMP10.0000276295
=SRC  \\$aDSS01$bbibmp10.200404.2.aa
=TCO  \\$aTRS$bCCC$c008
=TOC  \\$aETOC
=UNO  \\$aY
=ACF  \\$aPrevious copyright fee: GBP16.25$c32\0$e01-jul-2011$fGBP16.25$g0$hP$5Uk
=ACF  \\$aPrevious copyright fee: GBP16.77$c32\0$e01-jul-2010$fGBP16.77$g0$hP$5Uk
=ACF  \\$aPrevious copyright fee: GBP15.76$c32\0$e01-apr-2010$fGBP15.76$g0$hP$5Uk
=ACF  \\$aPrevious copyright fee: GBP12.12$c32\0$e01-oct-2009$fGBP12.12$g0$hP$5Uk
=ACF  \\$aPrevious copyright fee: GBP14.29$c32\0$e01-apr-2009$fGBP14.29$g0$hP$5Uk
=ACF  \\$aPrevious copyright fee: GBP12.50$c32\0$e01-jan-2009$fGBP12.50$g0$hP$5Uk
=ACF  \\$aPrevious copyright fee: GBP10.00$c32\0$e01-jul-2007$fGBP10.00$g0$hP$5Uk
=ACF  \\$aPrevious copyright fee: GBP10.26$c32\0$e01-apr-2007$fGBP10.26$g0$hP$5Uk
=ACF  \\$aPrevious copyright fee: GBP10.81$c32\0$e01-oct-2006$fGBP10.81$g0$hP$5Uk
=ACF  \\$aPrevious copyright fee: GBP11.43$c32\0$e01-apr-2006$fGBP11.43$g0$hP$5Uk
=ACF  \\$aPrevious copyright fee: GBP11.11$c32\0$e01-jan-2006$fGBP11.11$g0$hP$5Uk
=ACF  \\$aPrevious copyright fee: GBP10.81$c32\0$e01-apr-2005$fGBP10.81$g0$hP$5Uk
=ACF  \\$aPrevious copyright fee: GBP11.11$c32\0$e01-jan-2005$fGBP11.11$g0$hP$5Uk
=ACF  \\$aPrevious copyright fee: GBP11.77$c32\0$e01-jan-2004$fGBP11.77$g0$hP$5Uk
=ACF  \\$aCurrent copyright fee: GBP10.63$c32\0$e01-jan-2003$fGBP10.63$g0$hP$5Uk
=ACF  \\$aCurrent copyright fee: GBP5.00$c0$e01-jul-2002$fGBP5.00$g0$hA$5Uk
=ACF  \\$aPrevious copyright fee: GBP20.00$c32\0$e01-jan-2012$fGBP20.00$g0$hP$5Uk
=ACF  \\$aPrevious copyright fee: GBP18.79$c32\0$e01-jul-2012$fGBP18.79$g0$hP$5Uk
=ACF  \\$aPrevious copyright fee: GBP19.38$c32\0$e01-jan-2013$fGBP19.38$g0$hP$5Uk
=ACF  \\$aPrevious copyright fee: GBP20.00$c32\0$e01-jul-2013$fGBP20.00$g0$hP$5Uk
=ACF  \\$aPrevious copyright fee: GBP19.38$c32\0$e01-jan-2014$fGBP19.38$g0$hP$5Uk
=ACF  \\$aPrevious copyright fee: GBP18.79$c32\0$e01-jul-2014$fGBP18.79$g0$hP$5Uk
=ACF  \\$aPrevious copyright fee: GBP20.00$c32\0$e01-apr-2015$fGBP20.00$g0$hP$5Uk
=ACF  \\$aPrevious copyright fee: GBP20.67$c32\0$e01-jul-2015$fGBP20.67$g0$hP$5Uk
=ACF  \\$aPrevious copyright fee: GBP20.00$c32\0$e01-oct-2015$fGBP20.00$g0$hP$5Uk
=ACF  \\$aPrevious copyright fee: GBP21.38$c32\0$e01-apr-2016$fGBP21.38$g0$hP$5Uk
=ACF  \\$aPrevious copyright fee: GBP22.96$c32\0$e01-oct-2016$fGBP22.96$g0$hP$5Uk
=ACF  \\$aPrevious copyright fee: GBP24.44$c32\0$e01-jan-2017$fGBP24.44$g0$hP$5Uk
=ACF  \\$aPrevious copyright fee: GBP26.40$c32\0$e01-apr-2017$fGBP26.40$g0$hP$5Uk
=ACF  \\$aPrevious copyright fee: GBP25.38$c32\0$e01-oct-2017$fGBP25.38$g0$hP$5Uk
=ACF  \\$aPrevious copyright fee: GBP23.57$c32\0$e01-apr-2018$fGBP23.57$g0$hP$5Uk
=ACF  \\$aPrevious copyright fee: GBP25.38$c32\0$e01-oct-2018$fGBP25.38$g0$hP$5Uk
=ACF  \\$aPrevious copyright fee: GBP26.40$c32\0$e01-oct-2019$fGBP26.40$g0$hP$5Uk
=ACF  \\$aPrevious copyright fee: GBP25.38$c32\0$e01-apr-2020$fGBP25.38$g0$hP$5Uk
=ACF  \\$aPrevious copyright fee: GBP26.40$c32\0$e01-jul-2020$fGBP26.40$g0$hP$5Uk
=ACF  \\$aPrevious copyright fee: GBP24.44$c32\0$e01-apr-2021$fGBP24.44$g0$hP$5Uk
=ACF  \\$aPrevious copyright fee: GBP23.57$c32\0$e07-jul-2021$fGBP23.57$g0$hP$5Uk
=LAS  \\$aIPL-CLA$b00$c20220930$lBLL01$h1424

