=LDR  02630 am a2200697 a 4500
=001  010001781
=003  Uk
=005  20070630143222.0
=008  830427m19822007gw\\\\\\\\\\\\001\0\fro\\
=FMT  \\$a  BK
=010  \\$a82243179
=019  1\$ar6305800
=019  a\$aG00375147
=020  \\$a3484521880 (set)
=020  \\$a3484501901 (v. 1)
=020  \\$a348450191X (v. 2)
=020  \\$a9783484523371 (v. 3)
=040  \\$aDLC$cDLC$dDLC$dUk
=042  \\$aukblsr
=050  00$aPQ1577.R34$bA88 1982
=082  00$a843.1$219
=100  0\$aRaffaele,$cda Verona,$dactive 1379-1407.
=245  10$aAquilon de Bavière :$broman franco-italien en prose (1379-1407) /$cRaffaele da Verona ; introduction, édition et commentaire par Peter Wunderli.
=260  \\$aTübingen :$bNiemeyer,$c1982-2007.
=300  \\$a3 v. (lxii, 858 p., [2] folded p. of plates) :$bill. ;$c24 cm.
=336  \\$atext$2rdacontent
=337  \\$aunmediated$2rdamedia
=338  \\$avolume$2rdacarrier
=490  1\$aBeihefte zur Zeitschrift für romanische Philologie,$x0084-5396 ;$vBd. 188-189, 337
=504  \\$aBibliography: p. lviii-lxii. - Includes indexes.
=540  \\$aCurrent copyright fee: GBP27.00$c56\0$5Uk
=653  \\$aFiction in French$ato 1400$aTexts
=700  1\$aWunderli, Peter.
=830  \0$aBeihefte zur Zeitschrift für romanische Philologie ;$v188-189, 337. Heft.
=856  \\$31850-9999$uhttp://www.degruyter.com/$xBLDSS
=852  41$aBritish Library$bHMNTS$iPP.5044.ac.(3)[BD337]
=852  41$aBritish Library$bDSC$j9485.461000$iBd 188
=852  41$aBritish Library$bHMNTS$jPP.5044.ac/3[Bd.188-189,etc.]
=957  \\$a8209p
=985  \\$aRecord amended for WR# 13/070
=CAT  \\$aCONV$b00$c20040425$lBLL90$h0743
=CAT  \\$aCONV$b00$c20040502$lBLL01$h1345
=CAT  \\$a7483$b40$c20070630$lBLL01$h1015
=CAT  \\$a7483$b40$c20070630$lBLL01$h1432
=CAT  \\$aBATCH-UPD$b40$c20071222$lBLL01$h1717
=CAT  \\$aBATCH$b00$c20091210$lBLL01$h0010
=CAT  \\$aWR13_070$b00$c20130504$lBLL01$h0207
=CAT  \\$aBATCH-CLA$b00$c20140318$lBLL01$h0044
=CAT  \\$aBLDSS-3PM$b00$c20150111$lBLL01$h1519
=CAT  \\$aBATCH-UPD$b00$c20160524$lBLL01$h2019
=CAT  \\$aBATCH-UPD$b00$c20160524$lBLL01$h2235
=CFI  0\$aCurrent copyright fee: GBP27.00$c56\0$e17-mar-2014$fGBP27.00$g0$hP$5Uk
=FFP  \\$aY$bBLDSS-3PM
=FIN  \\$aY$d20070630
=LEO  \\$aMP13.0000990874
=LEO  \\$aMP8.0000139233
=SRC  \\$aHSS01$bbibmp13.200404.2.ab
=SRC  \\$aDSC01$bbibmp8.200404.2.aa
=TCO  \\$aDEU$bVG WORT$c008
=UNO  \\$aY
=LAS  \\$aBATCH-UPD$b00$c20160524$lBLL01$h2235

