=LDR  04387cam a2201033ua 4500
=001  008085500
=003  Uk
=005  20221231184206.0
=008  990927s1998\\\\enk\\\\||\\\\\001\||eng\\
=FMT  \\$a  BK
=015  \\$aGB9868575$2bnb
=019  y\$ab9868575
=019  9\$a0714647640
=019  a\$aG05518611
=019  1\$a0714647640
=020  \\$a0714647640 :$cNo price
=020  \\$a0714643106 (pbk)
=035  \\$a(IeDuTC)d12396489
=039  0\$a2560
=040  \\$aIeDuTC$dUk
=082  04$a363.700947$221
=245  00$aDilemmas of transition :$bthe environment, democracy and economic reform in East Central Europe /$cedited by Susan Baker and Petr Jehlička.
=260  \\$aLondon ;$aPortland, OR :$bFrank Cass,$c1998.
=300  \\$a214p. ;$c23cm.
=336  \\$atext$2rdacontent
=337  \\$aunmediated$2rdamedia
=338  \\$avolume$2rdacarrier
=500  \\$a"Special issue of the journal Environmental politics v. 7, no. 1, 1998.".
=504  \\$aIncludes bibliographical references and index.
=590  \\$a"Special issue of the journal Environmental politics v. 7, no. 1, 1998."
=540  \\$aCurrent copyright fee: GBP37.00$c2\0$5Uk
=650  \0$aEnvironmental policy$zEurope, Eastern.
=650  \0$aEnvironmental policy$zEurope, Eastern$xCase studies.
=651  \0$aEurope, Eastern$xEconomic policy$y1989-.
=651  \0$aEuropean Union countries$xForeign relations$zEurope, Eastern.
=651  \0$aEurope, Eastern$xForeign relations$zEuropean Union countries.
=700  1\$aBaker, Susan,$d1955-
=700  1\$aJehlička, Petr,$d1965-
=856  \\$31850-9999$uhttp://www.tandfonline.com/$xBLDSS
=852  41$aBritish Library$bDSC$i3791.538000
=852  41$aBritish Library$bHMNTS$jYC.1999.a.5018
=945  \\$aEnvironmental Politics ; v7, no.1
=CAT  \\$aCONV$b00$c20040425$lBLL90$h0811
=CAT  \\$aIPL-CLA$c20130102$lBLL01$h1648
=CAT  \\$aBATCH-CLA$b00$c20130508$lBLL01$h0711
=CAT  \\$aBATCH-UPD$b00$c20131119$lBLL01$h1957
=CAT  \\$aIPL-CLA$c20131231$lBLL01$h1912
=CAT  \\$aBATCH-CLA$b00$c20140125$lBLL01$h1318
=CAT  \\$aBATCH-CLA$c20140225$lBLL01$h2314
=CAT  \\$aBATCH-UPD$b00$c20141124$lBLL01$h1800
=CAT  \\$aBATCH-UPD$b00$c20141124$lBLL01$h2000
=CAT  \\$aBLDSS-3PM$b00$c20141130$lBLL01$h1245
=CAT  \\$aIPL-CLA$c20141231$lBLL01$h1642
=CAT  \\$aBATCH-UPD$b00$c20151119$lBLL01$h1540
=CAT  \\$aIPL-CLA$c20151231$lBLL01$h1907
=CAT  \\$aBATCH-UPD$b00$c20161122$lBLL01$h1510
=CAT  \\$aBATCH-UPD$b00$c20161122$lBLL01$h1513
=CAT  \\$aIPL-CLA$c20161230$lBLL01$h1825
=CAT  \\$aBATCH-UPD$b00$c20171121$lBLL01$h1644
=CAT  \\$aIPL-CLA$c20171231$lBLL01$h1400
=CAT  \\$aBATCH-UPD$b00$c20181217$lBLL01$h1636
=CAT  \\$aIPL-CLA$c20181231$lBLL01$h1533
=CAT  \\$aBATCH-UPD$b00$c20191122$lBLL01$h1858
=CAT  \\$aIPL-CLA$c20191231$lBLL01$h1729
=CAT  \\$aBATCH-UPD$b00$c20201118$lBLL01$h1332
=CAT  \\$aIPL-CLA$c20201231$lBLL01$h1927
=CAT  \\$aBATCH-UPD$b00$c20221121$lBLL01$h1344
=CAT  \\$aIPL-CLA$c20221231$lBLL01$h1842
=CFI  0\$aCurrent copyright fee: GBP37.00$c2\0$e01-jan-2023$fGBP37.00$g0$hP$5Uk
=CFI  2\$aPrevious copyright fee: GBP35.00$c2\0$e01-jan-2021$fGBP35.00$g0$hP$5Uk
=FFP  \\$aY$bBLDSS-3PM
=FIN  \\$aY
=LEO  \\$aMP5.0001659702
=LEO  \\$aMP8.0001427054
=LEO  \\$aMP13.0001848877
=SRC  \\$aBNB03$bbibmp5.200404.2.ac
=SRC  \\$aDSC01$bbibmp8.200404.2.ab
=SRC  \\$aHSS01$bbibmp13.200404.2.ad
=TCO  \\$aCLA$bCLA$c008
=ACF  \\$aPrevious copyright fee: GBP23.00$c2\0$e01-jan-2012$fGBP23.00$g0$hP$5Uk
=ACF  \\$aPrevious copyright fee: GBP23.50$c2\0$e01-jan-2013$fGBP23.50$g0$hP$5Uk
=ACF  \\$aPrevious copyright fee: GBP24.00$c2\0$e01-jan-2014$fGBP24.00$g0$hP$5Uk
=ACF  \\$aPrevious copyright fee: GBP25.00$c2\0$e01-jan-2015$fGBP25.00$g0$hP$5Uk
=ACF  \\$aPrevious copyright fee: GBP26.00$c2\0$e01-jan-2016$fGBP26.00$g0$hP$5Uk
=ACF  \\$aPrevious copyright fee: GBP28.00$c2\0$e01-jan-2017$fGBP28.00$g0$hP$5Uk
=ACF  \\$aPrevious copyright fee: GBP30.00$c2\0$e01-jan-2018$fGBP30.00$g0$hP$5Uk
=ACF  \\$aPrevious copyright fee: GBP32.00$c2\0$e01-jan-2019$fGBP32.00$g0$hP$5Uk
=ACF  \\$aPrevious copyright fee: GBP34.00$c2\0$e01-jan-2020$fGBP34.00$g0$hP$5Uk
=LAS  \\$aIPL-CLA$b00$c20221231$lBLL01$h1842

