=LDR  04406cam a2201045ua 4500
=001  008085954
=003  Uk
=005  20221231184207.0
=008  020923s2002\\\\enka\\\||\\\\\001\||eng\\
=FMT  \\$a  BK
=015  \\$aGBA261661$2bnb
=019  y\$abA261661
=019  9\$a0714653519
=019  a\$aG07603740
=019  1\$a0714653519
=020  \\$a0714653519 :$cNo price
=020  \\$a0714682888 (pbk.) :$cNo price
=039  0\$a2710
=040  \\$aDLC$cDLC$dUk
=082  04$a305.567$221
=245  00$aRepresenting the body of the slave /$ceditors, Thomas Wiedemann and Jane Gardner.
=260  \\$aLondon ;$aPortland, Or. :$bF. Cass,$c2002.
=300  \\$a195 p. ;$c23 cm.
=336  \\$atext$2rdacontent
=337  \\$aunmediated$2rdamedia
=338  \\$avolume$2rdacarrier
=490  1\$aStudies in slave and post-slave societies and cultures,$x1462-1770
=500  \\$a"First appeared as a special issue of Slavery and abolition, vol. 23, no. 2, August 2002" - T.p. verso.
=590  \\$a"First appeared as a special issue of Slavery and abolition, vol. 23, no. 2, August 2002" - T.p. verso
=540  \\$aCurrent copyright fee: GBP37.00$c2\0$5Uk
=650  \0$aSlavery$xHistory.
=650  \0$aEnslaved persons$xPublic opinion$xHistory.
=650  \0$aSlavery in literature.
=650  \0$aSlavery in art.
=690  7\$aSocial Welfare$2blcoll
=700  1\$aWiedemann, Thomas E. J.
=700  1\$aGardner, Jane.
=886  2\$2ukmarc$a900$b10$aWiedemann$hT. E. J.$xSee$aWiedemann, Thomas$z700
=830  \0$aStudies in slave and post-slave societies and cultures,$x1462-1770
=856  \\$31850-9999$uhttp://www.tandfonline.com/$xBLDSS
=852  41$aBritish Library$bDSC$i8309.373000
=852  41$aBritish Library$bHMNTS$jYC.2002.a.15048
=945  \\$aSlavery And Abolition ; vol23,no.2
=CAT  \\$aCONV$b00$c20040425$lBLL90$h0811
=CAT  \\$aBATCH-CLA$b00$c20130508$lBLL01$h0724
=CAT  \\$aBATCH-UPD$b00$c20131119$lBLL01$h1957
=CAT  \\$a5100$b40$c20131217$lBLL01$h0908
=CAT  \\$aIPL-CLA$c20131231$lBLL01$h1912
=CAT  \\$aBATCH-CLA$b00$c20140125$lBLL01$h1319
=CAT  \\$aBATCH-CLA$c20140225$lBLL01$h2314
=CAT  \\$aBATCH-UPD$b00$c20141124$lBLL01$h1800
=CAT  \\$aBLDSS-3PM$b00$c20141130$lBLL01$h1245
=CAT  \\$aIPL-CLA$c20141231$lBLL01$h1642
=CAT  \\$aBATCH-UPD$b00$c20151119$lBLL01$h1540
=CAT  \\$aIPL-CLA$c20151231$lBLL01$h1907
=CAT  \\$aBATCH-UPD$b00$c20161122$lBLL01$h1510
=CAT  \\$aBATCH-UPD$b00$c20161122$lBLL01$h1557
=CAT  \\$aIPL-CLA$c20161230$lBLL01$h1825
=CAT  \\$aBATCH-UPD$b00$c20171121$lBLL01$h1644
=CAT  \\$aIPL-CLA$c20171231$lBLL01$h1400
=CAT  \\$aBATCH-UPD$b00$c20181217$lBLL01$h1636
=CAT  \\$aIPL-CLA$c20181231$lBLL01$h1533
=CAT  \\$aBATCH-UPD$b00$c20191122$lBLL01$h1858
=CAT  \\$aIPL-CLA$c20191231$lBLL01$h1729
=CAT  \\$aBATCH-UPD$b00$c20201118$lBLL01$h1332
=CAT  \\$aIPL-CLA$c20201231$lBLL01$h1927
=CAT  \\$aBATCH-UPD$b00$c20221121$lBLL01$h1344
=CAT  \\$aIPL-CLA$c20221231$lBLL01$h1842
=CAT  \\$a11249$b40$c20230831$lBLL01$h1320
=CFI  0\$aCurrent copyright fee: GBP37.00$c2\0$e01-jan-2023$fGBP37.00$g0$hP$5Uk
=CFI  2\$aPrevious copyright fee: GBP35.00$c2\0$e01-jan-2021$fGBP35.00$g0$hP$5Uk
=FFP  \\$aY$bBLDSS-3PM
=FIN  \\$aY
=LEO  \\$aMP5.0000203050
=LEO  \\$aMP8.0001794101
=LEO  \\$aMP13.0001849342
=SRC  \\$aBNB03$bbibmp5.200404.2.aa
=SRC  \\$aDSC01$bbibmp8.200404.2.ac
=SRC  \\$aHSS01$bbibmp13.200404.2.ad
=TCO  \\$aCLA$bCLA$c008
=ACF  \\$aPrevious copyright fee: GBP23.00$c2\0$e01-jan-2012$fGBP23.00$g0$hP$5Uk
=ACF  \\$aPrevious copyright fee: GBP23.50$c2\0$e01-jan-2013$fGBP23.50$g0$hP$5Uk
=ACF  \\$aPrevious copyright fee: GBP24.00$c2\0$e01-jan-2014$fGBP24.00$g0$hP$5Uk
=ACF  \\$aPrevious copyright fee: GBP25.00$c2\0$e01-jan-2015$fGBP25.00$g0$hP$5Uk
=ACF  \\$aPrevious copyright fee: GBP26.00$c2\0$e01-jan-2016$fGBP26.00$g0$hP$5Uk
=ACF  \\$aPrevious copyright fee: GBP28.00$c2\0$e01-jan-2017$fGBP28.00$g0$hP$5Uk
=ACF  \\$aPrevious copyright fee: GBP30.00$c2\0$e01-jan-2018$fGBP30.00$g0$hP$5Uk
=ACF  \\$aPrevious copyright fee: GBP32.00$c2\0$e01-jan-2019$fGBP32.00$g0$hP$5Uk
=ACF  \\$aPrevious copyright fee: GBP34.00$c2\0$e01-jan-2020$fGBP34.00$g0$hP$5Uk
=LAS  \\$a11249$b40$c20230831$lBLL01$h1320

