=LDR  03500cam a2200913 a 4500
=001  006727253
=003  Uk
=005  20211231171046.0
=008  960202m19959999enka\\\\\b\\\\001\0\eng\\
=FMT  \\$a  BK
=010  \\$a95040584
=015  \\$aGB9609000$2bnb
=016  7\$a006727253$2Uk
=019  1\$a0444818871
=020  \\$a0444818871 (v. 1) :$cNo price
=020  \\$a9780444519108 (v. 2) :$cNo price
=020  \\$a0444519106 (v. 2) :$cNo price
=040  \\$aUk$cUk
=082  04$a338.47355$222
=245  00$aHandbook of defense economics /$cedited by Keith Hartley and Todd Sandler.
=260  \\$aAmsterdam ;$aOxford :$bNorth-Holland,$c1995-
=300  \\$av. :$bill. ;$c25 cm.
=336  \\$atext$2rdacontent
=337  \\$aunmediated$2rdamedia
=338  \\$avolume$2rdacarrier
=490  0\$aHandbooks in economics ;$v12
=500  \\$aVol. 2 published by Elsevier.
=504  \\$aIncludes bibliographical references and index.
=505  1\$av. 1. [without special title] -- v. 2. Defense in a globalized world.
=540  \\$aCurrent copyright fee: GBP34.30$c5\1$5Uk
=650  \0$aMilitary readiness$xEconomic aspects.
=650  \0$aMilitary policy$xEconomic aspects.
=650  \0$aDefense industries.
=650  \0$aWar$xEconomic aspects.
=653  1\$aDefence (Military strategy)$aEconomics
=690  7\$aManagement and Business Studies$2blcoll
=700  1\$aHartley, Keith.
=700  1\$aSandler, Todd.
=740  02$aDefense in a globalized world.
=886  2\$2ukmarc$a900$b10$aHartley$hK.$xSee$aHartley, Keith,$x1940-$z700
=856  \\$31850-9999$uhttp://www.elsevier.com/journals$xBLDSS
=852  41$aBritish Library$bDSC$j4250.435200$i12, vol. 1
=852  41$aBritish Library$bDSC$j4250.435200$i12, vol. 2
=852  41$aBritish Library$bDSC$ivol. 2
=852  41$aBritish Library$bHMNTS$jYK.1996.b.2696$ivol. 1
=CAT  \\$aCONV$b00$c20040502$lBLL01$h1152
=CAT  \\$a11250$b40$c20070511$lBLL01$h1052
=CAT  \\$a11250$b40$c20070511$lBLL01$h1057
=CAT  \\$a11250$b40$c20070511$lBLL01$h1110
=CAT  \\$aBATCH$b00$c20090517$lBLL01$h1125
=CAT  \\$aBATCH$b00$c20091207$lBLL01$h0239
=CAT  \\$aBATCH-UPD$b00$c20100212$lBLL01$h1753
=CAT  \\$aBATCH-CLA$b00$c20130525$lBLL01$h1830
=CAT  \\$aBATCH-CLA$b00$c20130526$lBLL01$h1637
=CAT  \\$aBLDSS-3PM$b00$c20141222$lBLL01$h1708
=CAT  \\$aWR16_021$c20160608$lBLL01$h1729
=CAT  \\$aBATCH-UPD$b00$c20160608$lBLL01$h2000
=CAT  \\$aBATCH-UPD$b00$c20171121$lBLL01$h1736
=CAT  \\$aIPL-CLA$c20171231$lBLL01$h1326
=CAT  \\$aBATCH-UPD$b00$c20190521$lBLL01$h1429
=CAT  \\$aBATCH-CLA$b00$c20190522$lBLL01$h0215
=CAT  \\$aBATCH-CLA$b00$c20190522$lBLL01$h0240
=CAT  \\$aIPL-CLA$c20190630$lBLL01$h1524
=CAT  \\$aBATCH-UPD$b00$c20211119$lBLL01$h1547
=CAT  \\$aBATCH-CLA$b00$c20211120$lBLL01$h0148
=CAT  \\$aBATCH-CLA$b00$c20211120$lBLL01$h0212
=CAT  \\$aIPL-CLA$c20211231$lBLL01$h1710
=CFI  0\$aCurrent copyright fee: GBP34.30$c5\1$e01-jan-2022$fGBP34.30$g0$hP$5Uk
=CFI  2\$aPrevious copyright fee: GBP32.84$c5\1$e01-jul-2019$fGBP32.84$g0$hP$5Uk
=FFP  \\$aY$bBLDSS-3PM
=FIN  \\$aY
=LEO  \\$aMP13.0001648797
=LEO  \\$aMP5.0001032299
=LEO  \\$aMP8.0001182920
=SRC  \\$aHSS01$bbibmp13.200404.2.ac
=SRC  \\$aBNB03$bbibmp5.200404.2.ab
=SRC  \\$aDSC01$bbibmp8.200404.2.ab
=TCO  \\$aNLD$bSTICHTING REPRORECHT$c008
=LAS  \\$aIPL-CLA$b00$c20211231$lBLL01$h1710

