=LDR  03829caa a22008533u 4500
=001  005664684
=003  Uk
=005  20230908012004.0
=008  830324s1983\\\\wb\a\\\||b\\\\101\||eng\\
=FMT  \\$a  BK
=019  a\$aG00089019
=020  \\$a3540122443
=020  \\$a0387122443 (U.S.)
=040  \\$aUk$cUk
=245  00$aIon formation from organic solids :$bproceedings of the second international conference, Münster, Fed. Rep. of Germany, September 7-9, 1982 /$ceditor, A. Benninghoven.
=260  \\$aBerlin ;$aNew York :$bSpringer-Verlag,$c1983.
=336  \\$atext$2rdacontent
=337  \\$aunmediated$2rdamedia
=338  \\$avolume$2rdacarrier
=591  \\$aProceedings of the Second International Conference on Ion Formation from Organic Solids, held at the University of Münster.
=540  \\$aCurrent copyright fee: GBP19.00$c42\0$5Uk
=700  1\$aBenninghoven, A.
=886  2\$2blmarc$a010$b00$a83004714
=856  \\$31850-9999$uhttp://www.springer.com/gb/$xBLDSS
=852  41$aBritish Library$bDSC$j8424.755000$ivol 25
=852  41$aBritish Library$bDSC$iv 25
=945  \\$aSpringer series in chemical physics ; v. 25
=CAT  \\$aCONV$b00$c20040502$lBLL01$h1116
=CAT  \\$aIPL-CLA$c20160331$lBLL01$h1601
=CAT  \\$aBATCH-UPD$b00$c20160524$lBLL01$h2217
=CAT  \\$aBATCH-UPD$b00$c20160525$lBLL01$h0102
=CAT  \\$aBATCH-UPD$b00$c20160824$lBLL01$h1844
=CAT  \\$aIPL-CLA$c20160930$lBLL01$h1503
=CAT  \\$aBATCH-UPD$b00$c20170216$lBLL01$h1926
=CAT  \\$aIPL-CLA$c20170331$lBLL01$h1751
=CAT  \\$aBATCH-UPD$b00$c20170904$lBLL01$h1948
=CAT  \\$aIPL-CLA$c20170929$lBLL01$h1631
=CAT  \\$aBATCH-UPD$b00$c20180223$lBLL01$h1828
=CAT  \\$aIPL-CLA$c20180331$lBLL01$h1520
=CAT  \\$aBATCH-UPD$b00$c20180524$lBLL01$h1744
=CAT  \\$aIPL-CLA$c20180630$lBLL01$h1850
=CAT  \\$aBATCH-CLAB$c20220330$lBLL01$h1829
=CAT  \\$aBATCH-CLA$b00$c20220331$lBLL01$h0134
=CAT  \\$aBATCH-CLAB$c20220627$lBLL01$h2112
=CAT  \\$aBATCH-CLA$b00$c20220628$lBLL01$h0115
=CAT  \\$aBATCH-CLAB$c20220908$lBLL01$h1346
=CAT  \\$aBATCH-CLA$b00$c20220909$lBLL01$h0129
=CAT  \\$aBATCH-CLAB$c20221217$lBLL01$h1806
=CAT  \\$aBATCH-CLA$b00$c20221218$lBLL01$h0816
=CAT  \\$aBATCH-CLAB$c20230324$lBLL01$h1431
=CAT  \\$aBATCH-CLA$b00$c20230325$lBLL01$h0129
=CAT  \\$aBATCH-CLAB$c20230601$lBLL01$h1250
=CAT  \\$aBATCH-CLA$b00$c20230602$lBLL01$h0118
=CAT  \\$aBATCH-CLAB$c20230907$lBLL01$h1736
=CAT  \\$aBATCH-CLA$b00$c20230908$lBLL01$h0120
=CFI  0\$aCurrent copyright fee: GBP19.00$c42\0$e01-jul-2018$fGBP19.00$g0$hP$5Uk
=FFP  \\$aY$bBLDSS-3PM
=FIN  \\$aY
=LEO  \\$aMP8.0000016716
=SRC  \\$aDSC01$bbibmp8.200404.2.aa
=TCO  \\$aDEU$bVG WORT$c008
=UNO  \\$aY
=ACF  \\$aPrevious copyright fee: GBP18.72$c42\0$e01-jan-2013$fGBP18.72$g0$hP$5Uk
=ACF  \\$aPrevious copyright fee: GBP19.32$c42\0$e01-jul-2013$fGBP19.32$g0$hP$5Uk
=ACF  \\$aPrevious copyright fee: GBP18.72$c42\0$e01-jan-2014$fGBP18.72$g0$hP$5Uk
=ACF  \\$aPrevious copyright fee: GBP18.15$c42\0$e01-jul-2014$fGBP18.15$g0$hP$5Uk
=ACF  \\$aPrevious copyright fee: GBP19.32$c42\0$e01-apr-2015$fGBP19.32$g0$hP$5Uk
=ACF  \\$aPrevious copyright fee: GBP19.97$c42\0$e01-jul-2015$fGBP19.97$g0$hP$5Uk
=ACF  \\$aPrevious copyright fee: GBP19.32$c42\0$e01-oct-2015$fGBP19.32$g0$hP$5Uk
=ACF  \\$aPrevious copyright fee: GBP20.66$c42\0$e01-apr-2016$fGBP20.66$g0$hP$5Uk
=ACF  \\$aPrevious copyright fee: GBP22.19$c42\0$e01-oct-2016$fGBP22.19$g0$hP$5Uk
=ACF  \\$aPrevious copyright fee: GBP23.96$c42\0$e01-apr-2017$fGBP23.96$g0$hP$5Uk
=ACF  \\$aPrevious copyright fee: GBP23.04$c42\0$e01-oct-2017$fGBP23.04$g0$hP$5Uk
=LAS  \\$aBATCH-CLA$b00$c20230908$lBLL01$h0120

