=LDR  03759cam a2200889 i 4500
=001  020135553
=003  Uk
=005  20220909013204.0
=008  210308s2021\\\\si\a\\\\\b\\\\101|0|eng|d
=FMT  \\$a  BK
=015  \\$aGBC143691$2bnb
=016  7\$a020135553$2Uk
=020  \\$a9789811610851$qpt. I$qpaperback
=020  \\$z9789811610868$qpt. I$qeBook
=020  \\$a9789811610912$qpt. II$qpaperback
=020  \\$z9789811610929$qpt. II$qeBook
=020  \\$a9789811611025$qpt. III$qpaperback
=020  \\$z9789811611032$qpt. III$qeBook
=040  \\$aStDuBDS$beng$cStDuBDS$dUk$erda
=042  \\$aukblsr
=082  04$a006.37$223
=111  2\$aCVIP (Conference)$n(5th :$d2020 :$cPrayagraj, India)
=CNF  \\$aComputer vision and image processing (International conference)$n(5th :$d2020 Dec :$cPrayagraji, India)
=245  10$aComputer vision and image processing :$b5th International Conference, CVIP 2020, Prayagraj, India, October 16-18, 2020, revised selected papers /$cSatish Kumar Singh, Partha Roy, Balasubramanian Raman, P. Nagabhushan (eds.).
=264  \1$aSingapore :$bSpringer,$c[2021]
=300  \\$a3 volumes :$billustrations (black and white) ;$c24 cm.
=336  \\$atext$2rdacontent
=336  \\$astill image$2rdacontent
=337  \\$aunmediated$2rdamedia
=338  \\$avolume$2rdacarrier
=490  0\$aCommunications in computer and information science,$x1865-0929 ;$v1376-1378
=504  \\$aIncludes bibliographical references and author index.
=530  \\$aAlso published electronically.
=591  \\$aSelected papers.
=500  \\$aFormerly CIP.$5Uk
=540  \\$aCurrent copyright fee: GBP19.00$c42\0$5Uk
=650  \0$aComputer vision$vCongresses.
=650  \0$aImage processing$vCongresses.
=700  1\$aSingh, S. K.$q(Satish Kumar),$d1960-$eeditor.
=700  1\$aRoy, Partha,$eeditor.
=700  1\$aRaman, Balasubramanian,$eeditor.
=700  1\$aNagabhushan, P.,$eeditor.
=856  \\$31850-9999$uhttp://link.springer.com/$xBLDSS
=852  \\$aBritish Library$bDSC$j3359.544000$qLOST (VOL 1044)
=852  \\$aBritish Library$bDSC$j3359.544000$qLOST (VOL 1044)
=852  \\$aBritish Library$bDSC$j3359.544000$qLOST (VOL 1044)
=852  41$aBritish Library$bDSC$iPt. 3
=852  41$aBritish Library$bDSC$iPt. 2
=945  \\$aCommunications in computer and information science, ISSN 1865-0929 ; vols 1376-1378 2021
=CAT  \\$aBATCH-CIPN$b00$c20210316$lBLL01$h1701
=CAT  \\$a11029$b40$c20210511$lBLL01$h0836
=CAT  \\$aBATCH-CLA$b00$c20210512$lBLL01$h0144
=CAT  \\$a8411$b40$c20210513$lBLL01$h1104
=CAT  \\$a8411$b40$c20210513$lBLL01$h1106
=CAT  \\$aBATCH-CLA$b00$c20210514$lBLL01$h0105
=CAT  \\$aBLDSS-3PM$b00$c20210518$lBLL01$h1441
=CAT  \\$aBATCH-UPD$b00$c20210518$lBLL01$h1443
=CAT  \\$aBATCH-UNOA$c20210518$lBLL01$h2107
=CAT  \\$aBATCH-CLA$b00$c20210519$lBLL01$h0139
=CAT  \\$a11070$b40$c20210609$lBLL01$h1344
=CAT  \\$a11070$b40$c20210609$lBLL01$h1418
=CAT  \\$aBATCH-CLA$b00$c20210610$lBLL01$h0106
=CAT  \\$a8962$b40$c20210618$lBLL01$h0946
=CAT  \\$aBATCH-CLA$b00$c20210619$lBLL01$h1956
=CAT  \\$a6989$b40$c20210621$lBLL01$h1524
=CAT  \\$aBATCH-CLA$b00$c20210622$lBLL01$h0104
=CAT  \\$aBATCH-CLAB$c20220627$lBLL01$h2106
=CAT  \\$aBATCH-CLA$b00$c20220628$lBLL01$h0116
=CAT  \\$a12654$b40$c20220713$lBLL01$h1215
=CAT  \\$aBATCH-CLA$b00$c20220714$lBLL01$h0106
=CAT  \\$aBATCH-CLAB$c20220908$lBLL01$h1340
=CAT  \\$aBATCH-CLA$b00$c20220909$lBLL01$h0132
=CFI  0\$aCurrent copyright fee: GBP19.00$c42\0$e01-jul-2018$fGBP19.00$g0$hP$5Uk
=FFP  \\$aY$bBLDSS-3PM
=FIN  \\$aY$d20210609
=UNO  \\$aY
=LAS  \\$aBATCH-CLA$b00$c20220909$lBLL01$h0132

