=LDR  02822cam a2200721 i 4500
=001  019496646
=003  Uk
=005  20210127015514.0
=008  190725s2019\\\\enka\\\\\b\\\\001|0|eng|d
=FMT  \\$a  BK
=015  \\$aGBB9D5835$2bnb
=016  7\$a019496646$2Uk
=020  \\$a9781839530401$qset
=020  \\$a9781839530364$qvol. 1$qhardback
=020  \\$a9781839530371$qv. 1$qPDF
=020  \\$a9781839530388$qvol. 2$qhardback
=020  \\$z9781839530395$qvol. 2$qPDF
=040  \\$aStDuBDS$beng$cStDuBDS$dUk$erda
=042  \\$aukblsr
=082  04$a621.38412$223
=245  00$aRadio frequency and microwave power amplifiers /$cedited by Andrei Grebennikov.
=264  \1$aStevenage :$bInstitution of Engineering and Technology,$c2019.
=300  \\$a2 volumes :$billustrations (black and white, and colour) ;$c24 cm.
=336  \\$atext$2rdacontent
=337  \\$aunmediated$2rdamedia
=338  \\$avolume$2rdacarrier
=490  0\$aIET Materials, circuits and devices ;$v71
=504  \\$aIncludes bibliographical references and index.
=505  0\$av. 1. Principles, Device Modeling, and Matching Networks -- v. 2. Efficiency and Linearity Enhancement Techniques.
=530  \\$aAlso published electronically.
=500  \\$aFormerly CIP.$5Uk
=588  \\$aDescription based on: Vol. 2.
=540  \\$aCurrent copyright fee: GBP0.00$c35\0$5Uk
=650  \0$aPower amplifiers.
=650  \0$aAmplifiers, Radio frequency.
=710  2\$aInstitution of Engineering and Technology,$epublisher.
=700  1\$aGrebennikov, Andrei,$d1956-$eeditor.
=776  08$iebook version :$z9781839530395
=776  08$iebook version :$z9781839530371
=856  \\$31850-9999$uhttp://www.theiet.org/$xBLDSS
=852  \\$aBritish Library$bDSC$j5394.107300
=852  41$aBritish Library$bDSC$iVol. 2
=CAT  \\$aBATCH-CIPN$b00$c20190806$lBLL01$h1701
=CAT  \\$a11029$b40$c20200226$lBLL01$h1357
=CAT  \\$a11029$b40$c20200226$lBLL01$h1358
=CAT  \\$aBATCH-CLA$b00$c20200227$lBLL01$h0108
=CAT  \\$a11070$b40$c20200227$lBLL01$h1549
=CAT  \\$a11070$b40$c20200227$lBLL01$h1553
=CAT  \\$aBATCH-CLA$b00$c20200228$lBLL01$h0106
=CAT  \\$aBATCH-UNOA$c20200304$lBLL01$h0008
=CAT  \\$aBLDSS-3PM$b00$c20200304$lBLL01$h1614
=CAT  \\$aBATCH-UPD$b00$c20200304$lBLL01$h1615
=CAT  \\$aBATCH-CLA$b00$c20200305$lBLL01$h0107
=CAT  \\$a5552$b40$c20200313$lBLL01$h0924
=CAT  \\$aBATCH-CLA$b00$c20200314$lBLL01$h0119
=CAT  \\$aBATCH-UPD$b00$c20210126$lBLL01$h1422
=CAT  \\$aIPL-CLA$c20210126$lBLL01$h1458
=CAT  \\$aBATCH-CLA$b00$c20210127$lBLL01$h0155
=CFI  0\$aCurrent copyright fee: GBP0.00$c35\0$e26-jan-2021$fGBP0.00$g0$hP$5Uk
=FFP  \\$aY$bBLDSS-3PM
=FIN  \\$aY$d20200227
=UNO  \\$aY
=LAS  \\$aBATCH-CLA$b00$c20210127$lBLL01$h0155

