=LDR  03893cam a2200853 i 4500
=001  019681286
=003  Uk
=005  20220930161931.0
=008  200121s2019\\\\nyua\\\\\b\\\|1|1\0|eng\\
=FMT  \\$a  BK
=015  \\$aGBC0D6978$2bnb
=016  7\$a019681286$2Uk
=020  \\$a9780791858905$qpaperback
=040  \\$aUk$beng$cUk$erda
=042  \\$aukblsr
=082  04$a621.381044$223
=111  2\$aInternational Conference on Micro/Nanoscale Heat and Mass Transfer$n(6th :$d2019 :$cDalian Shi, China)
=CNF  \\$aMicro/nanoscale heat and mass transfer (International conference)$n(6th :$d2019 Jul :$cDalian, China)
=245  10$aProceedings of the ASME 6th International Conference on Micro/Nanoscale Heat and Mass Transfer -2019- :$bpresented at ASME 6th International Conference on Micro/Nanoscale Heat and Mass Transfer, July 8-10, 2019, Dalian, China /$csponsored by The Heat Transfer Division, ASME.
=246  13$a6th International Conference on Micro/Nanoscale Heat and Mass Transfer
=246  18$aMNHMT2019
=264  \1$aNew York, N.Y. :$bThe American Society of Mechanical Engineers,$c[2019]
=300  \\$a1 volume (various pagings) :$billustrations (black and white) ;$c28 cm
=336  \\$atext$2rdacontent
=337  \\$aunmediated$2rdamedia
=338  \\$avolume$2rdacarrier
=504  \\$aIncludes bibliographical references and author index.
=591  \\$aPapers.
=540  \\$aCurrent copyright fee: GBP25.00$c123\0$5Uk
=650  \0$aMicroelectromechanical systems$xThermal properties$vCongresses.
=650  \0$aNanoelectromechanical systems$xThermal properties$vCongresses.
=650  \0$aHeat$xTransmission$vCongresses.
=650  \0$aFluid dynamics$vCongresses.
=650  \0$aNanotechnology$vCongresses.
=710  2\$aAmerican Society of Mechanical Engineers.$bHeat Transfer Division,$esponsoring body.
=710  2\$aAmerican Society of Mechanical Engineers,$epublisher.
=856  \\$31850-9999$uhttps://www.asme.org/$xBLDSS
=852  41$aBritish Library$bDSC$j5756.794500
=852  11$aBritish Library$bDSC$k(B)$h621.381044
=945  \\$aMicro nanoscale heat and mass transfer international conference ; 2019
=CAT  \\$a8411$b40$c20200121$lBLL01$h1037
=CAT  \\$aBATCH-CLA$b00$c20200220$lBLL01$h0513
=CAT  \\$aIPL-CLA$c20200331$lBLL01$h1639
=CAT  \\$aBATCH-UPD$b00$c20200522$lBLL01$h1437
=CAT  \\$aBATCH-CLA$b00$c20200523$lBLL01$h0519
=CAT  \\$aBATCH-CLA$b00$c20200523$lBLL01$h0540
=CAT  \\$aIPL-CLA$c20200701$lBLL01$h0126
=CAT  \\$aBATCH-016$c20200729$lBLL01$h2213
=CAT  \\$aBATCH-CLA$b00$c20200730$lBLL01$h0101
=CAT  \\$a9671$b40$c20200909$lBLL01$h0840
=CAT  \\$aBATCH-CLA$b00$c20200910$lBLL01$h0105
=CAT  \\$aBATCH-UPD$b00$c20210226$lBLL01$h1018
=CAT  \\$aBATCH-CLA$b00$c20210227$lBLL01$h0510
=CAT  \\$aBATCH-CLA$b00$c20210227$lBLL01$h0530
=CAT  \\$aIPL-CLA$c20210331$lBLL01$h1911
=CAT  \\$aBATCH-UPD$b00$c20210707$lBLL01$h1542
=CAT  \\$aIPL-CLA$c20210707$lBLL01$h2009
=CAT  \\$aBATCH-CLA$b00$c20210708$lBLL01$h0440
=CAT  \\$aBATCH-UPD$b00$c20220520$lBLL01$h1615
=CAT  \\$aBATCH-CLA$b00$c20220521$lBLL01$h0445
=CAT  \\$aBATCH-CLA$b00$c20220521$lBLL01$h0504
=CAT  \\$aIPL-CLA$c20220630$lBLL01$h1732
=CAT  \\$aBATCH-UPD$b00$c20220824$lBLL01$h0845
=CAT  \\$aBATCH-CLA$b00$c20220825$lBLL01$h0458
=CAT  \\$aBATCH-CLA$b00$c20220825$lBLL01$h0510
=CAT  \\$aIPL-CLA$c20220930$lBLL01$h1619
=CFI  0\$aCurrent copyright fee: GBP25.00$c123\0$e01-oct-2022$fGBP25.00$g0$hP$5Uk
=CFI  2\$aPrevious copyright fee: GBP24.00$c123\0$e01-jul-2022$fGBP24.00$g0$hP$5Uk
=FFP  \\$aY$bBLDSS-3PM
=FIN  \\$aY$d20200204
=TCO  \\$aTRS$bCCC$c008
=UNO  \\$aY
=ACF  \\$aPrevious copyright fee: GBP24.00$c123\0$e01-jul-2020$fGBP24.00$g0$hP$5Uk
=LAS  \\$aIPL-CLA$b00$c20220930$lBLL01$h1619

