=LDR  04531cam a2201033 a 4500
=001  013731891
=003  Uk
=005  20230924063742.0
=008  070420s2007\\\\gw\a\\\\\b\\\\101\0\eng\d
=FMT  \\$a  BK
=010  \\$a2007925713
=020  \\$a9783540715405 (pbk.)
=020  \\$a3540715401 (pbk.)
=035  \\$a(OCoLC)123434647
=040  \\$aOHX$beng$cOHX$dUk
=042  \\$aukblsr
=072  \7$aTJ$2lcco
=072  \7$aQA$2lcco
=082  04$a629.8932$222
=111  2\$aInternational Conference on Simulation of Adaptive Behavior$d(2006 :$cRome, Italy)
=CNF  \\$aSwarm Robotics (Conference)$d(2006 Sep :$cRome)
=245  10$aSwarm robotics :$bSecond SAB 2006 International Workshop, Rome, Italy, September 30 - October 1, 2006 ; revised selected papers /$cErol Sahin, William M. Spears, Alan F.T. Winfield (eds.).
=260  \\$aBerlin :$bSpringer,$c2007.
=300  \\$axii, 220 p. :$bill. ;$c24 cm.
=336  \\$atext$2rdacontent
=337  \\$aunmediated$2rdamedia
=338  \\$avolume$2rdacarrier
=490  1\$aLecture notes in computer science,$x0302-9743 ;$v4433
=500  \\$aInternational conference proceedings.
=504  \\$aIncludes bibliographical references and index.
=591  \\$aSelected papers. Based on those presented at the conference.
=540  \\$aCurrent copyright fee: GBP19.00$c42\0$5Uk
=650  \0$aSwarm intelligence$vCongresses.
=650  \0$aRobotics$vCongresses.
=653  1\$aSwarm robotics
=653  1\$aSAB
=700  1\$aŞahin, Erol.
=700  1\$aSpears, William M.,$d1962-
=830  \0$aLecture notes in computer science,$x0302-9743 ;$v4433
=856  \\$31850-9999$uhttp://www.springer.com/gb/$xBLDSS
=852  71$aBritish Library$bSTI$k(P)PL 50$m-E(30)$i4433$2blsrissc
=852  41$aBritish Library$bDSC$j5180.185000$ino. 4433 (2007)
=945  \\$aLecture notes in computer science, ISSN 0302-9743 ; no 4433 2007
=CAT  \\$a6098$b40$c20070425$lBLL01$h1428
=CAT  \\$aBATCH-UPD$b00$c20140527$lBLL01$h2228
=CAT  \\$aBATCH-CLA$c20140528$lBLL01$h1747
=CAT  \\$aIPL-CLA$c20140630$lBLL01$h1732
=CAT  \\$aBLDSS-3PM$b00$c20150102$lBLL01$h1731
=CAT  \\$aBATCH-UPD$b00$c20150219$lBLL01$h1913
=CAT  \\$aIPL-CLA$c20150331$lBLL01$h1648
=CAT  \\$aBATCH-UPD$b00$c20150520$lBLL01$h1910
=CAT  \\$aIPL-CLA$c20150630$lBLL01$h1655
=CAT  \\$aBATCH-UPD$b00$c20150820$lBLL01$h1942
=CAT  \\$aIPL-CLA$c20150930$lBLL01$h1817
=CAT  \\$aBATCH-UPD$b00$c20160217$lBLL01$h1840
=CAT  \\$aIPL-CLA$c20160331$lBLL01$h1739
=CAT  \\$aBATCH-UPD$b00$c20160524$lBLL01$h2242
=CAT  \\$aBATCH-UPD$b00$c20160525$lBLL01$h0457
=CAT  \\$aBATCH-UPD$b00$c20160824$lBLL01$h1859
=CAT  \\$aIPL-CLA$c20160930$lBLL01$h1612
=CAT  \\$aBATCH-UPD$b00$c20170216$lBLL01$h1944
=CAT  \\$aIPL-CLA$c20170331$lBLL01$h1852
=CAT  \\$aW1707-0052$c20170703$lBLL01$h1853
=CAT  \\$aBATCH-UPD$b00$c20170904$lBLL01$h2008
=CAT  \\$aIPL-CLA$c20170929$lBLL01$h1737
=CAT  \\$aBATCH-UPD$b00$c20180223$lBLL01$h1905
=CAT  \\$aIPL-CLA$c20180331$lBLL01$h1628
=CAT  \\$aBATCH-UPD$b00$c20180524$lBLL01$h1757
=CAT  \\$aIPL-CLA$c20180630$lBLL01$h1921
=CAT  \\$aW2308-1659$c20230923$lBLL01$h1038
=CAT  \\$aBATCH-CLA$b00$c20230924$lBLL01$h0637
=CFI  0\$aCurrent copyright fee: GBP19.00$c42\0$e01-jul-2018$fGBP19.00$g0$hP$5Uk
=FFP  \\$aY$bBLDSS-3PM
=FIN  \\$aY$d20070523
=SID  \\$aZ39$bOCLC
=TCO  \\$aDEU$bVG WORT$c008
=UNO  \\$aY
=ACF  \\$aPrevious copyright fee: GBP18.72$c42\0$e01-jan-2013$fGBP18.72$g0$hP$5Uk
=ACF  \\$aPrevious copyright fee: GBP19.32$c42\0$e01-jul-2013$fGBP19.32$g0$hP$5Uk
=ACF  \\$aPrevious copyright fee: GBP18.72$c42\0$e01-jan-2014$fGBP18.72$g0$hP$5Uk
=ACF  \\$aPrevious copyright fee: GBP18.15$c42\0$e01-jul-2014$fGBP18.15$g0$hP$5Uk
=ACF  \\$aPrevious copyright fee: GBP19.32$c42\0$e01-apr-2015$fGBP19.32$g0$hP$5Uk
=ACF  \\$aPrevious copyright fee: GBP19.97$c42\0$e01-jul-2015$fGBP19.97$g0$hP$5Uk
=ACF  \\$aPrevious copyright fee: GBP19.32$c42\0$e01-oct-2015$fGBP19.32$g0$hP$5Uk
=ACF  \\$aPrevious copyright fee: GBP20.66$c42\0$e01-apr-2016$fGBP20.66$g0$hP$5Uk
=ACF  \\$aPrevious copyright fee: GBP22.19$c42\0$e01-oct-2016$fGBP22.19$g0$hP$5Uk
=ACF  \\$aPrevious copyright fee: GBP23.96$c42\0$e01-apr-2017$fGBP23.96$g0$hP$5Uk
=ACF  \\$aPrevious copyright fee: GBP23.04$c42\0$e01-oct-2017$fGBP23.04$g0$hP$5Uk
=LAS  \\$aBATCH-CLA$b00$c20230924$lBLL01$h0637

