=LDR  03767cam a2200901 i 4500
=001  013766788
=003  Uk
=005  20220930155959.0
=008  070612m20059999sz\ac\\\\b\\\\001\0\eng\\
=FMT  \\$a  BK
=015  \\$aGBA746291$2bnb
=020  \\$a3805579144$qpt. 1$qhardback
=020  \\$a9783805582650$qpt. 2$qhardback
=020  \\$a9783805593304$zpt. 3$qhardback
=020  \\$a9783805593311$qpt. 3$qe-book
=020  \\$a9783318063936$qpt. 4$qhardback
=020  \\$z9783318063943$qpt. 4$qe-book
=040  \\$aUk$beng$cUk$dUk$erda
=042  \\$aukblsr
=082  04$a616.800887$223
=245  00$aNeurological disorders in famous artists.
=264  \1$aBasel ;$aLondon :$bKarger,$c2005-
=300  \\$avolumes :$billustrations (black and white, and colour) ;$c25 cm.
=336  \\$atext$2rdacontent
=337  \\$aunmediated$2rdamedia
=338  \\$avolume$2rdacarrier
=490  1\$aFrontiers of neurology and neuroscience,$x1660-4431 ;$vvol. 19, 22, 27, 43
=505  1\$a[pt. 1] / volume editors, J. Bogousslavsky, F. Boller -- pt. 2 / volume editors, J. Bogousslavsky, M. G. Hennerici -- pt. 3 / volume ditors J. Bogousslavsky ... [et al.] -- pt. 4. / volume editors, J. Bogousslavsky, L. Tatu.
=504  \\$aIncludes bibliographical references and indexes.
=540  \\$aCurrent copyright fee: GBP37.92$c24\0$5Uk
=650  \0$aNervous system$xDiseases.
=650  \0$aArtists$xDiseases.
=650  \0$aAuthors$xDiseases.
=650  \0$aMusicians$xDiseases.
=700  1\$aBogousslavsky, Julien,$eeditor.
=700  1\$aBoller, François,$eeditor.
=700  1\$aHennerici, M.$q(Michael),$eeditor.
=700  1\$aTatu, L.,$eeditor.
=830  \0$aFrontiers of neurology and neuroscience,$x1660-4431 ;$vv. 19, 22, 27, 43.
=856  \\$31850-9999$uhttp://www.karger.com/$xBLDSS
=852  41$aBritish Library$bDSC$j4042.041000
=852  41$aBritish Library$bDSC$j4042.041000$iv. 19
=852  41$aBritish Library$bDSC$i4042.041000 v. 27
=852  41$aBritish Library$bDSC$j4042.041000$iv. 22
=CAT  \\$a10775$b40$c20070612$lBLL01$h1555
=CAT  \\$aBATCH-CLA$b00$c20190830$lBLL01$h0235
=CAT  \\$aIPL-CLA$c20190930$lBLL01$h1641
=CAT  \\$aBATCH-UPD$b00$c20200219$lBLL01$h1523
=CAT  \\$aBATCH-CLA$b00$c20200220$lBLL01$h0458
=CAT  \\$aBATCH-CLA$b00$c20200220$lBLL01$h0511
=CAT  \\$aIPL-CLA$c20200331$lBLL01$h1618
=CAT  \\$aBATCH-UPD$b00$c20200522$lBLL01$h1507
=CAT  \\$aBATCH-CLA$b00$c20200523$lBLL01$h0519
=CAT  \\$aBATCH-CLA$b00$c20200523$lBLL01$h0534
=CAT  \\$aIPL-CLA$c20200701$lBLL01$h0100
=CAT  \\$aBATCH-UPD$b00$c20210226$lBLL01$h1049
=CAT  \\$aBATCH-CLA$b00$c20210227$lBLL01$h0509
=CAT  \\$aBATCH-CLA$b00$c20210227$lBLL01$h0525
=CAT  \\$aIPL-CLA$c20210331$lBLL01$h1847
=CAT  \\$aBATCH-UPD$b00$c20210707$lBLL01$h1613
=CAT  \\$aIPL-CLA$c20210707$lBLL01$h1957
=CAT  \\$aBATCH-CLA$b00$c20210708$lBLL01$h0439
=CAT  \\$aBATCH-UPD$b00$c20220520$lBLL01$h1652
=CAT  \\$aBATCH-CLA$b00$c20220521$lBLL01$h0445
=CAT  \\$aBATCH-CLA$b00$c20220521$lBLL01$h0459
=CAT  \\$aIPL-CLA$c20220630$lBLL01$h1712
=CAT  \\$aBATCH-UPD$b00$c20220824$lBLL01$h0917
=CAT  \\$aBATCH-CLA$b00$c20220825$lBLL01$h0458
=CAT  \\$aBATCH-CLA$b00$c20220825$lBLL01$h0508
=CAT  \\$aIPL-CLA$c20220930$lBLL01$h1559
=CFI  0\$aCurrent copyright fee: GBP37.92$c24\0$e01-oct-2022$fGBP37.92$g0$hP$5Uk
=CFI  2\$aPrevious copyright fee: GBP36.40$c24\0$e01-jul-2022$fGBP36.40$g0$hP$5Uk
=FFP  \\$aY$bBLDSS-3PM
=FIN  \\$aY$d20070613
=TCO  \\$aCHE$bPRO LITTERIS$c008
=UNO  \\$aY
=ACF  \\$aPrevious copyright fee: GBP36.40$c24\0$e01-jul-2020$fGBP36.40$g0$hP$5Uk
=LAS  \\$aIPL-CLA$b00$c20220930$lBLL01$h1559

