=LDR  04402cam a2200949 a 4500
=001  015308827
=003  Uk
=005  20230924063823.0
=008  090518s2009\\\\gw\a\\\\\b\\\\101\0\eng\\
=FMT  \\$a  BK
=010  \\$a2009928848
=020  \\$a9783642027666 (pbk.)
=020  \\$a3642027660 (pbk.)
=040  \\$aDLC$beng$cDLC$dUk
=042  \\$aukblsr
=082  04$a005.12$222
=111  2\$aIDGD 2009$d(2009 :$cSan Diego, Calif.)
=CNF  \\$aInternationalization, design and global development (Conference)$n(3rd :$d2009$cSan Diego, CA)
=245  10$aInternationalization, design and global development :$bthird international conference, IDGD 2009, held as part of HCI international 2009, San Diego, CA, USA, July 19-24, 2009 : proceedings /$cNuray Aykin (ed.).
=260  \\$aBerlin :$bSpringer,$cc2009.
=300  \\$axix, 526 p. :$bill. ;$c24 cm.
=336  \\$atext$2rdacontent
=337  \\$aunmediated$2rdamedia
=338  \\$avolume$2rdacarrier
=490  0\$aLNCS sublibrary. SL 3, Information systems and applications, incl. Internet/Web, and HCI
=490  0\$aLecture notes in computer science,$x0302-9743 ;$v5623
=504  \\$aIncludes bibliographical references and author index.
=591  \\$aSelected papers.
=540  \\$aCurrent copyright fee: GBP19.00$c42\0$5Uk
=650  \0$aComputer software$xDevelopment$vCongresses.
=700  1\$aAykin, Nuray.
=711  2\$aInternational Conference on Human-Computer Interaction$n(13th :$d2009 :$cSan Diego, Calif.)
=856  \\$31850-9999$uhttp://www.springer.com/gb/$xBLDSS
=852  41$aBritish Library$bDSC$j5180.185000$ino. 5623
=852  71$aBritish Library$bHMNTS$k(P)$hPL 50$m-E(30)$i5623$2blsrissc
=945  \\$aLecture notes in computer science, ISSN 0302-9743 ; no 5623 2009
=CAT  \\$a6098$b40$c20090708$lBLL01$h1138
=CAT  \\$aBATCH-CLA$c20140528$lBLL01$h1800
=CAT  \\$aIPL-CLA$c20140630$lBLL01$h1745
=CAT  \\$aBLDSS-3PM$b00$c20150102$lBLL01$h1733
=CAT  \\$aBATCH-UPD$b00$c20150219$lBLL01$h1918
=CAT  \\$aIPL-CLA$c20150331$lBLL01$h1705
=CAT  \\$aBATCH-UPD$b00$c20150405$lBLL01$h1717
=CAT  \\$aBATCH-UPD$b00$c20150520$lBLL01$h1917
=CAT  \\$aBATCH-UPD$b00$c20150521$lBLL01$h1404
=CAT  \\$aIPL-CLA$c20150630$lBLL01$h1708
=CAT  \\$aBATCH-UPD$b00$c20150820$lBLL01$h1947
=CAT  \\$aIPL-CLA$c20150930$lBLL01$h1832
=CAT  \\$aBATCH-UPD$b00$c20160217$lBLL01$h1845
=CAT  \\$aIPL-CLA$c20160331$lBLL01$h1755
=CAT  \\$aBATCH-UPD$b00$c20160524$lBLL01$h2247
=CAT  \\$aBATCH-UPD$b00$c20160525$lBLL01$h0525
=CAT  \\$aBATCH-UPD$b00$c20160824$lBLL01$h1903
=CAT  \\$aIPL-CLA$c20160930$lBLL01$h1625
=CAT  \\$aBATCH-UPD$b00$c20170216$lBLL01$h1948
=CAT  \\$aIPL-CLA$c20170331$lBLL01$h1903
=CAT  \\$aBATCH-UPD$b00$c20170904$lBLL01$h2015
=CAT  \\$aIPL-CLA$c20170929$lBLL01$h1749
=CAT  \\$aBATCH-UPD$b00$c20180223$lBLL01$h1912
=CAT  \\$aIPL-CLA$c20180331$lBLL01$h1644
=CAT  \\$aBATCH-UPD$b00$c20180524$lBLL01$h1800
=CAT  \\$aIPL-CLA$c20180630$lBLL01$h1929
=CAT  \\$aW2308-1659$c20230923$lBLL01$h1043
=CAT  \\$aBATCH-CLA$b00$c20230924$lBLL01$h0638
=CFI  0\$aCurrent copyright fee: GBP19.00$c42\0$e01-jul-2018$fGBP19.00$g0$hP$5Uk
=FFP  \\$aY$bBLDSS-3PM
=FIN  \\$aY$d20090714
=SID  \\$aZ39$bLOC
=TCO  \\$aDEU$bVG WORT$c008
=UNO  \\$aY
=ACF  \\$aPrevious copyright fee: GBP18.72$c42\0$e01-jan-2013$fGBP18.72$g0$hP$5Uk
=ACF  \\$aPrevious copyright fee: GBP19.32$c42\0$e01-jul-2013$fGBP19.32$g0$hP$5Uk
=ACF  \\$aPrevious copyright fee: GBP18.72$c42\0$e01-jan-2014$fGBP18.72$g0$hP$5Uk
=ACF  \\$aPrevious copyright fee: GBP18.15$c42\0$e01-jul-2014$fGBP18.15$g0$hP$5Uk
=ACF  \\$aPrevious copyright fee: GBP19.32$c42\0$e01-apr-2015$fGBP19.32$g0$hP$5Uk
=ACF  \\$aPrevious copyright fee: GBP19.97$c42\0$e01-jul-2015$fGBP19.97$g0$hP$5Uk
=ACF  \\$aPrevious copyright fee: GBP19.32$c42\0$e01-oct-2015$fGBP19.32$g0$hP$5Uk
=ACF  \\$aPrevious copyright fee: GBP20.66$c42\0$e01-apr-2016$fGBP20.66$g0$hP$5Uk
=ACF  \\$aPrevious copyright fee: GBP22.19$c42\0$e01-oct-2016$fGBP22.19$g0$hP$5Uk
=ACF  \\$aPrevious copyright fee: GBP23.96$c42\0$e01-apr-2017$fGBP23.96$g0$hP$5Uk
=ACF  \\$aPrevious copyright fee: GBP23.04$c42\0$e01-oct-2017$fGBP23.04$g0$hP$5Uk
=LAS  \\$aBATCH-CLA$b00$c20230924$lBLL01$h0638

