=LDR  04143cam a2200949 a 4500
=001  015392542
=003  Uk
=005  20230924063831.0
=008  090828s2009\\\\nyu\\\\\\b\\\\101\0\eng\\
=FMT  \\$a  BK
=010  \\$a2009935906
=020  \\$a9783642049439 (softcover : alk. paper)
=020  \\$a3642049435 (softcover : alk. paper)
=040  \\$aDLC$cDLC$dUk
=082  04$a518.1$222
=111  2\$aSAGA 2009$d(2009 :$cSapporo, Japan)
=CNF  \\$aStochastic algorithms (Conference)$d(2009 Oct :$cSapporo, Japan)
=245  10$aStochastic algorithms :$bfoundations and applications /$c[edited by] Osamu Watanabe, Thomas Zeugmann.
=250  \\$a1st ed.
=260  \\$aNew York :$bSpringer,$c2009.
=300  \\$ax, 220 p. :$bill. ;$c24 cm.
=336  \\$atext$2rdacontent
=337  \\$aunmediated$2rdamedia
=338  \\$avolume$2rdacarrier
=490  0\$aLecture notes in computer science,$x0302-9743 ;$v5792
=504  \\$aIncludes bibliographical references and index.
=591  \\$aSelected papers.
=540  \\$aCurrent copyright fee: GBP19.00$c42\0$5Uk
=650  \0$aStochastic analysis$vCongresses.
=650  \0$aAlgorithms$vCongresses.
=700  1\$aWatanabe, Osamu,$d1958-
=700  1\$aZeugmann, Thomas.
=856  \\$31850-9999$uhttp://www.springer.com/gb/$xBLDSS
=852  71$aBritish Library$bHMNTS$k(P)$hPL 50$m-E(30)$i5792$2blsrissc
=852  41$aBritish Library$bDSC$j5180.185000$ino. 5792
=945  \\$aLecture notes in computer science, ISSN 0302-9743 ; no 5792 2009
=CAT  \\$a6098$b40$c20091014$lBLL01$h1027
=CAT  \\$aBATCH-CLA$c20140528$lBLL01$h1801
=CAT  \\$aIPL-CLA$c20140630$lBLL01$h1746
=CAT  \\$aBLDSS-3PM$b00$c20150102$lBLL01$h1734
=CAT  \\$aBATCH-UPD$b00$c20150219$lBLL01$h1919
=CAT  \\$aIPL-CLA$c20150331$lBLL01$h1706
=CAT  \\$aBATCH-UPD$b00$c20150405$lBLL01$h1724
=CAT  \\$aBATCH-UPD$b00$c20150520$lBLL01$h1918
=CAT  \\$aBATCH-UPD$b00$c20150521$lBLL01$h1409
=CAT  \\$aIPL-CLA$c20150630$lBLL01$h1709
=CAT  \\$aBATCH-UPD$b00$c20150820$lBLL01$h1948
=CAT  \\$aIPL-CLA$c20150930$lBLL01$h1834
=CAT  \\$aBATCH-UPD$b00$c20160217$lBLL01$h1846
=CAT  \\$aIPL-CLA$c20160331$lBLL01$h1756
=CAT  \\$aBATCH-UPD$b00$c20160524$lBLL01$h2248
=CAT  \\$aBATCH-UPD$b00$c20160525$lBLL01$h0528
=CAT  \\$aBATCH-UPD$b00$c20160824$lBLL01$h1904
=CAT  \\$aIPL-CLA$c20160930$lBLL01$h1626
=CAT  \\$aBATCH-UPD$b00$c20170216$lBLL01$h1949
=CAT  \\$aIPL-CLA$c20170331$lBLL01$h1904
=CAT  \\$aBATCH-UPD$b00$c20170904$lBLL01$h2015
=CAT  \\$aIPL-CLA$c20170929$lBLL01$h1750
=CAT  \\$aBATCH-UPD$b00$c20180223$lBLL01$h1913
=CAT  \\$aIPL-CLA$c20180331$lBLL01$h1645
=CAT  \\$aBATCH-UPD$b00$c20180524$lBLL01$h1801
=CAT  \\$aIPL-CLA$c20180630$lBLL01$h1929
=CAT  \\$aW2308-1659$c20230923$lBLL01$h1048
=CAT  \\$aBATCH-CLA$b00$c20230924$lBLL01$h0638
=CFI  0\$aCurrent copyright fee: GBP19.00$c42\0$e01-jul-2018$fGBP19.00$g0$hP$5Uk
=FFP  \\$aY$bBLDSS-3PM
=FIN  \\$aY$d20091016
=SID  \\$aZ39$bLOC
=TCO  \\$aDEU$bVG WORT$c008
=UNO  \\$aY
=ACF  \\$aPrevious copyright fee: GBP18.72$c42\0$e01-jan-2013$fGBP18.72$g0$hP$5Uk
=ACF  \\$aPrevious copyright fee: GBP19.32$c42\0$e01-jul-2013$fGBP19.32$g0$hP$5Uk
=ACF  \\$aPrevious copyright fee: GBP18.72$c42\0$e01-jan-2014$fGBP18.72$g0$hP$5Uk
=ACF  \\$aPrevious copyright fee: GBP18.15$c42\0$e01-jul-2014$fGBP18.15$g0$hP$5Uk
=ACF  \\$aPrevious copyright fee: GBP19.32$c42\0$e01-apr-2015$fGBP19.32$g0$hP$5Uk
=ACF  \\$aPrevious copyright fee: GBP19.97$c42\0$e01-jul-2015$fGBP19.97$g0$hP$5Uk
=ACF  \\$aPrevious copyright fee: GBP19.32$c42\0$e01-oct-2015$fGBP19.32$g0$hP$5Uk
=ACF  \\$aPrevious copyright fee: GBP20.66$c42\0$e01-apr-2016$fGBP20.66$g0$hP$5Uk
=ACF  \\$aPrevious copyright fee: GBP22.19$c42\0$e01-oct-2016$fGBP22.19$g0$hP$5Uk
=ACF  \\$aPrevious copyright fee: GBP23.96$c42\0$e01-apr-2017$fGBP23.96$g0$hP$5Uk
=ACF  \\$aPrevious copyright fee: GBP23.04$c42\0$e01-oct-2017$fGBP23.04$g0$hP$5Uk
=LAS  \\$aBATCH-CLA$b00$c20230924$lBLL01$h0638

