=LDR  04541cam a2200997 a 4500
=001  015559545
=003  Uk
=005  20230924063842.0
=008  100408s2010\\\\gw\a\\\\\b\\\\101\0\eng\\
=FMT  \\$a  BK
=010  \\$a2010926371
=015  \\$aGBB064142$2bnb
=020  \\$a9783642130618 (pbk.)
=020  \\$a3642130615 (pbk.)
=040  \\$aDLC$beng$cDLC$dUk
=042  \\$aukblsr
=082  04$a006.33$222
=111  2\$aInternational Symposium on Intelligent Data Analysis$n(9th :$d2010 :$cTucson, Ariz.)
=CNF  \\$aInternational Symposium on Intelligent Data Analysis$n(9th :$d2010 May :$cTucson, Ariz.)
=245  10$aAdvances in intelligent data analysis IX :$b9th international symposium, IDA 2010, Tucson, AZ, USA, May 19-21, 2010 : proceedings /$cPaul R. Cohen, Niall M. Adams, Michael R. Berthold (eds.).
=260  \\$aBerlin :$bSpringer,$cc2010.
=300  \\$axiii, 260 p. :$bill. ;$c24 cm.
=336  \\$atext$2rdacontent
=337  \\$aunmediated$2rdamedia
=338  \\$avolume$2rdacarrier
=490  0\$aLecture notes in computer science,$x0302-9743 ;$v6065
=490  0\$aLNCS sublibrary: SL 3 - Information systems and application, incl. Internet/Web and HCI
=504  \\$aIncludes bibliographical references and index.
=591  \\$aPapers.
=540  \\$aCurrent copyright fee: GBP19.00$c42\0$5Uk
=650  \0$aMathematical statistics$vCongresses.
=650  \0$aMathematical statistics$xData processing$vCongresses.
=650  \0$aExpert systems (Computer science)$vCongresses.
=700  1\$aCohen, Paul R.
=700  1\$aAdams, Niall M.,$d1968-
=700  1\$aBerthold, M.$q(Michael).
=856  \\$31850-9999$uhttp://www.springer.com/gb/$xBLDSS
=852  41$aBritish Library$bDSC$j5180.185000$ino. 6065
=852  71$aBritish Library$bHMNTS$k(P)$hPL 50$m-E(30)$i6065$2blsrissc
=945  \\$aLecture notes in computer science, ISSN 0302-9743 ; 6065 (2010)
=CAT  \\$a6098$b40$c20100521$lBLL01$h1119
=CAT  \\$aIPL-CLA$c20140630$lBLL01$h1748
=CAT  \\$aBLDSS-3PM$b00$c20150102$lBLL01$h1734
=CAT  \\$aBATCH-UPD$b00$c20150219$lBLL01$h1920
=CAT  \\$aIPL-CLA$c20150331$lBLL01$h1709
=CAT  \\$aBATCH-UPD$b00$c20150405$lBLL01$h1736
=CAT  \\$aBATCH-UPD$b00$c20150520$lBLL01$h1919
=CAT  \\$aBATCH-UPD$b00$c20150521$lBLL01$h1417
=CAT  \\$aIPL-CLA$c20150630$lBLL01$h1711
=CAT  \\$aBATCH-UPD$b00$c20150820$lBLL01$h1949
=CAT  \\$aIPL-CLA$c20150930$lBLL01$h1837
=CAT  \\$aBATCH-UPD$b00$c20160217$lBLL01$h1847
=CAT  \\$aIPL-CLA$c20160331$lBLL01$h1759
=CAT  \\$aBATCH-UPD$b00$c20160524$lBLL01$h2249
=CAT  \\$aBATCH-UPD$b00$c20160525$lBLL01$h0534
=CAT  \\$aBATCH-UPD$b00$c20160824$lBLL01$h1905
=CAT  \\$aIPL-CLA$c20160930$lBLL01$h1629
=CAT  \\$aBATCH-UPD$b00$c20170216$lBLL01$h1949
=CAT  \\$aBATCH-UPD$b00$c20170217$lBLL01$h0016
=CAT  \\$aIPL-CLA$c20170331$lBLL01$h1906
=CAT  \\$aBATCH-UPD$b00$c20170904$lBLL01$h2016
=CAT  \\$aIPL-CLA$c20170929$lBLL01$h1752
=CAT  \\$aBATCH-UPD$b00$c20180223$lBLL01$h1914
=CAT  \\$aIPL-CLA$c20180331$lBLL01$h1648
=CAT  \\$aBATCH-UPD$b00$c20180524$lBLL01$h1801
=CAT  \\$aIPL-CLA$c20180630$lBLL01$h1931
=CAT  \\$aW2308-1659$c20230923$lBLL01$h1056
=CAT  \\$aBATCH-CLA$b00$c20230924$lBLL01$h0638
=CFI  0\$aCurrent copyright fee: GBP19.00$c42\0$e01-jul-2018$fGBP19.00$g0$hP$5Uk
=FFP  \\$aY$bBLDSS-3PM
=FIN  \\$aY$d20100524
=SID  \\$aZ39$bLOC
=TCO  \\$aDEU$bVG WORT$c008
=UNO  \\$aY
=ACF  \\$aPrevious copyright fee: GBP18.72$c42\0$e01-jan-2013$fGBP18.72$g0$hP$5Uk
=ACF  \\$aPrevious copyright fee: GBP19.32$c42\0$e01-jul-2013$fGBP19.32$g0$hP$5Uk
=ACF  \\$aPrevious copyright fee: GBP18.72$c42\0$e01-jan-2014$fGBP18.72$g0$hP$5Uk
=ACF  \\$aPrevious copyright fee: GBP18.15$c42\0$e01-jul-2014$fGBP18.15$g0$hP$5Uk
=ACF  \\$aPrevious copyright fee: GBP19.32$c42\0$e01-apr-2015$fGBP19.32$g0$hP$5Uk
=ACF  \\$aPrevious copyright fee: GBP19.97$c42\0$e01-jul-2015$fGBP19.97$g0$hP$5Uk
=ACF  \\$aPrevious copyright fee: GBP19.32$c42\0$e01-oct-2015$fGBP19.32$g0$hP$5Uk
=ACF  \\$aPrevious copyright fee: GBP20.66$c42\0$e01-apr-2016$fGBP20.66$g0$hP$5Uk
=ACF  \\$aPrevious copyright fee: GBP22.19$c42\0$e01-oct-2016$fGBP22.19$g0$hP$5Uk
=ACF  \\$aPrevious copyright fee: GBP23.96$c42\0$e01-apr-2017$fGBP23.96$g0$hP$5Uk
=ACF  \\$aPrevious copyright fee: GBP23.04$c42\0$e01-oct-2017$fGBP23.04$g0$hP$5Uk
=LAS  \\$aBATCH-CLA$b00$c20230924$lBLL01$h0638

