=LDR  03887cam a2200913 a 4500
=001  015582348
=003  Uk
=005  20230924064001.0
=008  100510s2010\\\\gw\a\\\\\b\\\\001\0\eng\\
=FMT  \\$a  BK
=010  \\$a2010928326
=015  \\$aGBB076916$2bnb
=020  \\$a9783642124709 (pbk.)
=020  \\$a9783642124716 (e-bk.)
=040  \\$aDLC$beng$cDLC$dUk
=042  \\$aukblsr
=082  04$a515.35$222
=100  1\$aLorenz, Thomas,$cDr.
=245  10$aMutational analysis :$ba joint framework for Cauchy problems in and beyond vector spaces /$cThomas Lorenz.
=260  \\$aHeidelberg :$bSpringer,$cc2010.
=300  \\$axiv, 509 p. :$bill. (some col.) ;$c24 cm.
=336  \\$atext$2rdacontent
=337  \\$aunmediated$2rdamedia
=338  \\$avolume$2rdacarrier
=490  0\$aLecture notes in mathematics,$x0075-8434 ;$v1996
=504  \\$aIncludes bibliographical references and index.
=540  \\$aCurrent copyright fee: GBP19.00$c42\0$5Uk
=650  \0$aDifferential equations.
=650  \0$aCauchy problem.
=650  \0$aVector spaces.
=856  \\$31850-9999$uhttp://www.springer.com/gb/$xBLDSS
=852  71$aBritish Library$bHMNTS$k(P)$hP 00$m-E(88)$i1996$2blsrissc
=852  41$aBritish Library$bDSC$j5180.200000$ino. 1996
=CAT  \\$a6098$b40$c20100622$lBLL01$h0917
=CAT  \\$aIPL-CLA$c20140101$lBLL01$h0132
=CAT  \\$aBATCH-UPD$b00$c20140527$lBLL01$h2235
=CAT  \\$aBATCH-CLA$c20140528$lBLL01$h1804
=CAT  \\$aIPL-CLA$c20140630$lBLL01$h1748
=CAT  \\$aBLDSS-3PM$b00$c20150102$lBLL01$h1734
=CAT  \\$aBATCH-UPD$b00$c20150219$lBLL01$h1920
=CAT  \\$aIPL-CLA$c20150331$lBLL01$h1709
=CAT  \\$aBATCH-UPD$b00$c20150520$lBLL01$h1919
=CAT  \\$aIPL-CLA$c20150630$lBLL01$h1711
=CAT  \\$aBATCH-UPD$b00$c20150820$lBLL01$h1949
=CAT  \\$aIPL-CLA$c20150930$lBLL01$h1837
=CAT  \\$aBATCH-UPD$b00$c20160217$lBLL01$h1847
=CAT  \\$aIPL-CLA$c20160331$lBLL01$h1759
=CAT  \\$aBATCH-UPD$b00$c20160524$lBLL01$h2249
=CAT  \\$aBATCH-UPD$b00$c20160525$lBLL01$h0535
=CAT  \\$aBATCH-UPD$b00$c20160824$lBLL01$h1905
=CAT  \\$aIPL-CLA$c20160930$lBLL01$h1629
=CAT  \\$aBATCH-UPD$b00$c20170216$lBLL01$h1950
=CAT  \\$aIPL-CLA$c20170331$lBLL01$h1906
=CAT  \\$aBATCH-UPD$b00$c20170904$lBLL01$h2016
=CAT  \\$aIPL-CLA$c20170929$lBLL01$h1753
=CAT  \\$aBATCH-UPD$b00$c20180223$lBLL01$h1914
=CAT  \\$aIPL-CLA$c20180331$lBLL01$h1649
=CAT  \\$aBATCH-UPD$b00$c20180524$lBLL01$h1801
=CAT  \\$aIPL-CLA$c20180630$lBLL01$h1931
=CAT  \\$aW2308-1659$c20230923$lBLL01$h1057
=CAT  \\$aBATCH-CLA$b00$c20230924$lBLL01$h0640
=CFI  0\$aCurrent copyright fee: GBP19.00$c42\0$e01-jul-2018$fGBP19.00$g0$hP$5Uk
=FFP  \\$aY$bBLDSS-3PM
=FIN  \\$aY$d20100623
=SID  \\$aZ39$bLOC
=TCO  \\$aDEU$bVG WORT$c008
=UNO  \\$aY
=ACF  \\$aPrevious copyright fee: GBP18.72$c42\0$e01-jan-2013$fGBP18.72$g0$hP$5Uk
=ACF  \\$aPrevious copyright fee: GBP19.32$c42\0$e01-jul-2013$fGBP19.32$g0$hP$5Uk
=ACF  \\$aPrevious copyright fee: GBP18.72$c42\0$e01-jan-2014$fGBP18.72$g0$hP$5Uk
=ACF  \\$aPrevious copyright fee: GBP18.15$c42\0$e01-jul-2014$fGBP18.15$g0$hP$5Uk
=ACF  \\$aPrevious copyright fee: GBP19.32$c42\0$e01-apr-2015$fGBP19.32$g0$hP$5Uk
=ACF  \\$aPrevious copyright fee: GBP19.97$c42\0$e01-jul-2015$fGBP19.97$g0$hP$5Uk
=ACF  \\$aPrevious copyright fee: GBP19.32$c42\0$e01-oct-2015$fGBP19.32$g0$hP$5Uk
=ACF  \\$aPrevious copyright fee: GBP20.66$c42\0$e01-apr-2016$fGBP20.66$g0$hP$5Uk
=ACF  \\$aPrevious copyright fee: GBP22.19$c42\0$e01-oct-2016$fGBP22.19$g0$hP$5Uk
=ACF  \\$aPrevious copyright fee: GBP23.96$c42\0$e01-apr-2017$fGBP23.96$g0$hP$5Uk
=ACF  \\$aPrevious copyright fee: GBP23.04$c42\0$e01-oct-2017$fGBP23.04$g0$hP$5Uk
=LAS  \\$aBATCH-CLA$b00$c20230924$lBLL01$h0640

