=LDR  04254cam a2200949 a 4500
=001  015663179
=003  Uk
=005  20230924063857.0
=008  100812s2010\\\\gw\a\\\\\b\\\|101\0|eng\\
=FMT  \\$a  BK
=010  \\$a2010934756
=020  \\$a9783642160912 (pbk.)
=020  \\$a3642160913 (pbk.)
=040  \\$aDLC$cDLC$dUk
=042  \\$aukblsr
=082  04$a005.757$222
=111  2\$aICOODB 2010$d(2010 :$cFrankfurt am Main, Germany)
=CNF  \\$aObjects and Databases (Conference)$d(2010 Sep :$cFrankfurt am Main, Germany)
=245  10$aObjects and databases :$bthird international conference, ICOODB 2010, Frankfurt/Main, Germany, September 28-30, 2010 : proceedings /$cAlan Dearle, Roberto V. Zicari (eds.).
=260  \\$aBerlin :$bSpringer,$cc2010.
=300  \\$axiv, 158 p. :$bill. ;$c24 cm.
=336  \\$atext$2rdacontent
=337  \\$aunmediated$2rdamedia
=338  \\$avolume$2rdacarrier
=490  0\$aLecture notes in computer science,$x0302-9743 ;$v6348
=490  0\$aLNCS sublibrary. SL 3, Information systems and application, incl. Internet/Web and HCI
=504  \\$aIncludes bibliographical references and index.
=591  \\$aPapers.
=540  \\$aCurrent copyright fee: GBP19.00$c42\0$5Uk
=650  \0$aObject-oriented databases$vCongresses.
=700  1\$aDearle, Alan.
=700  1\$aZicari, Roberto.
=856  \\$31850-9999$uhttp://www.springer.com/gb/$xBLDSS
=852  71$aBritish Library$bHMNTS$k(P)$hPL 50$m-E(30)$i6348$2blsrissc
=852  41$aBritish Library$bDSC$j5180.185000$ino. 6348
=945  \\$aLecture notes in computer science, ISSN 0302-9743 ; v 6348 2010
=CAT  \\$a6098$b40$c20101005$lBLL01$h1205
=CAT  \\$aBATCH-CLA$c20140528$lBLL01$h1805
=CAT  \\$aIPL-CLA$c20140630$lBLL01$h1749
=CAT  \\$aBLDSS-3PM$b00$c20150102$lBLL01$h1734
=CAT  \\$aBATCH-UPD$b00$c20150219$lBLL01$h1920
=CAT  \\$aIPL-CLA$c20150331$lBLL01$h1710
=CAT  \\$aBATCH-UPD$b00$c20150405$lBLL01$h1744
=CAT  \\$aBATCH-UPD$b00$c20150520$lBLL01$h1919
=CAT  \\$aBATCH-UPD$b00$c20150521$lBLL01$h1426
=CAT  \\$aIPL-CLA$c20150630$lBLL01$h1712
=CAT  \\$aBATCH-UPD$b00$c20150820$lBLL01$h1949
=CAT  \\$aIPL-CLA$c20150930$lBLL01$h1839
=CAT  \\$aBATCH-UPD$b00$c20160217$lBLL01$h1847
=CAT  \\$aIPL-CLA$c20160331$lBLL01$h1801
=CAT  \\$aBATCH-UPD$b00$c20160524$lBLL01$h2249
=CAT  \\$aBATCH-UPD$b00$c20160525$lBLL01$h0538
=CAT  \\$aBATCH-UPD$b00$c20160824$lBLL01$h1905
=CAT  \\$aIPL-CLA$c20160930$lBLL01$h1630
=CAT  \\$aBATCH-UPD$b00$c20170216$lBLL01$h1950
=CAT  \\$aIPL-CLA$c20170331$lBLL01$h1907
=CAT  \\$aBATCH-UPD$b00$c20170904$lBLL01$h2017
=CAT  \\$aIPL-CLA$c20170929$lBLL01$h1754
=CAT  \\$aBATCH-UPD$b00$c20180223$lBLL01$h1915
=CAT  \\$aIPL-CLA$c20180331$lBLL01$h1651
=CAT  \\$aBATCH-UPD$b00$c20180524$lBLL01$h1802
=CAT  \\$aIPL-CLA$c20180630$lBLL01$h1932
=CAT  \\$aW2308-1659$c20230923$lBLL01$h1101
=CAT  \\$aBATCH-CLA$b00$c20230924$lBLL01$h0638
=CFI  0\$aCurrent copyright fee: GBP19.00$c42\0$e01-jul-2018$fGBP19.00$g0$hP$5Uk
=FFP  \\$aY$bBLDSS-3PM
=FIN  \\$aY$d20101006
=SID  \\$aZ39$bLOC
=TCO  \\$aDEU$bVG WORT$c008
=UNO  \\$aY
=ACF  \\$aPrevious copyright fee: GBP18.72$c42\0$e01-jan-2013$fGBP18.72$g0$hP$5Uk
=ACF  \\$aPrevious copyright fee: GBP19.32$c42\0$e01-jul-2013$fGBP19.32$g0$hP$5Uk
=ACF  \\$aPrevious copyright fee: GBP18.72$c42\0$e01-jan-2014$fGBP18.72$g0$hP$5Uk
=ACF  \\$aPrevious copyright fee: GBP18.15$c42\0$e01-jul-2014$fGBP18.15$g0$hP$5Uk
=ACF  \\$aPrevious copyright fee: GBP19.32$c42\0$e01-apr-2015$fGBP19.32$g0$hP$5Uk
=ACF  \\$aPrevious copyright fee: GBP19.97$c42\0$e01-jul-2015$fGBP19.97$g0$hP$5Uk
=ACF  \\$aPrevious copyright fee: GBP19.32$c42\0$e01-oct-2015$fGBP19.32$g0$hP$5Uk
=ACF  \\$aPrevious copyright fee: GBP20.66$c42\0$e01-apr-2016$fGBP20.66$g0$hP$5Uk
=ACF  \\$aPrevious copyright fee: GBP22.19$c42\0$e01-oct-2016$fGBP22.19$g0$hP$5Uk
=ACF  \\$aPrevious copyright fee: GBP23.96$c42\0$e01-apr-2017$fGBP23.96$g0$hP$5Uk
=ACF  \\$aPrevious copyright fee: GBP23.04$c42\0$e01-oct-2017$fGBP23.04$g0$hP$5Uk
=LAS  \\$aBATCH-CLA$b00$c20230924$lBLL01$h0638

