=LDR  04492aam a2200973 a 4500
=001  015684758
=003  Uk
=005  20101209115705.0
=008  101102s2010\\\\gw\a\\\\\b\\\|1|1\0|eng\\
=010  \\$a2010937233
=020  \\$a9783642166860 (pbk.)
=020  \\$a3642166865 (pbk.)
=040  \\$aUk$beng$cUk
=042  \\$aukblsr
=082  04$a006.4$222
=111  2\$aIberoamerican Congress on Pattern Recognition$n(15th :$d2010 :$cSão Paulo, Brazil)
=245  10$aProgress in pattern recognition, image analysis, computer vision, and applications :$b15th IberoAmerican Congress on Pattern Recognition, CIARP 2010, São Paulo, Brazil, November 8-11, 2010 : proceedings /$cIsabelle Bloch, Roberto M. Cesar, Jr (eds.).
=246  13$aCIARP 2010
=260  \\$aBerlin :$bSpringer,$cc2010.
=300  \\$axvii, 571 p. :$bill. ;$c24 cm.
=336  \\$atext$2rdacontent
=337  \\$aunmediated$2rdamedia
=338  \\$avolume$2rdacarrier
=490  0\$aLecture notes in computer science,$x0302-9743 ;$v6419
=490  0\$aLNCS sublibrary. SL 6, Image processing, computer vision, pattern recognition and graphics
=504  \\$aIncludes bibliographical references and index.
=540  \\$aCurrent copyright fee: GBP19.00$c42\0$5Uk
=591  \\$aSelected papers.
=650  \0$aPattern recognition systems$vCongresses.
=650  \0$aImage processing$vCongresses.
=653  1\$aPattern recognition
=653  1\$aCIARP
=700  1\$aBloch, Isabelle.
=700  1\$aCesar, Roberto Marcondes.
=852  71$aBritish Library$bHMNTS$k(P)$hPL 50$m-E(30)$i6419$2blsrissc
=852  41$aBritish Library$bDSC$j5180.185000$ino. 6419
=856  \\$31850-9999$uhttp://www.springer.com/gb/$xBLDSS
=945  \\$aLecture notes in computer science, ISSN 0302-9743 ; [no] 6419 2010
=ACF  \\$aPrevious copyright fee: GBP18.72$c42\0$e01-jan-2013$fGBP18.72$g0$hP$5Uk
=ACF  \\$aPrevious copyright fee: GBP19.32$c42\0$e01-jul-2013$fGBP19.32$g0$hP$5Uk
=ACF  \\$aPrevious copyright fee: GBP18.72$c42\0$e01-jan-2014$fGBP18.72$g0$hP$5Uk
=ACF  \\$aPrevious copyright fee: GBP18.15$c42\0$e01-jul-2014$fGBP18.15$g0$hP$5Uk
=ACF  \\$aPrevious copyright fee: GBP19.32$c42\0$e01-apr-2015$fGBP19.32$g0$hP$5Uk
=ACF  \\$aPrevious copyright fee: GBP19.97$c42\0$e01-jul-2015$fGBP19.97$g0$hP$5Uk
=ACF  \\$aPrevious copyright fee: GBP19.32$c42\0$e01-oct-2015$fGBP19.32$g0$hP$5Uk
=ACF  \\$aPrevious copyright fee: GBP20.66$c42\0$e01-apr-2016$fGBP20.66$g0$hP$5Uk
=ACF  \\$aPrevious copyright fee: GBP22.19$c42\0$e01-oct-2016$fGBP22.19$g0$hP$5Uk
=ACF  \\$aPrevious copyright fee: GBP23.96$c42\0$e01-apr-2017$fGBP23.96$g0$hP$5Uk
=ACF  \\$aPrevious copyright fee: GBP23.04$c42\0$e01-oct-2017$fGBP23.04$g0$hP$5Uk
=CAT  \\$a7233$b40$c20101102$lBLL01$h1537
=CAT  \\$aIPL-CLA$c20140101$lBLL01$h0138
=CAT  \\$aBATCH-UPD$b00$c20140527$lBLL01$h2236
=CAT  \\$aBATCH-CLA$c20140528$lBLL01$h1806
=CAT  \\$aIPL-CLA$c20140630$lBLL01$h1750
=CAT  \\$aBLDSS-3PM$b00$c20150102$lBLL01$h1734
=CAT  \\$aBATCH-UPD$b00$c20150219$lBLL01$h1920
=CAT  \\$aIPL-CLA$c20150331$lBLL01$h1711
=CAT  \\$aBATCH-UPD$b00$c20150520$lBLL01$h1919
=CAT  \\$aIPL-CLA$c20150630$lBLL01$h1713
=CAT  \\$aBATCH-UPD$b00$c20150820$lBLL01$h1949
=CAT  \\$aIPL-CLA$c20150930$lBLL01$h1839
=CAT  \\$aBATCH-UPD$b00$c20160217$lBLL01$h1847
=CAT  \\$aIPL-CLA$c20160331$lBLL01$h1802
=CAT  \\$aBATCH-UPD$b00$c20160524$lBLL01$h2249
=CAT  \\$aBATCH-UPD$b00$c20160525$lBLL01$h0539
=CAT  \\$aBATCH-UPD$b00$c20160824$lBLL01$h1906
=CAT  \\$aIPL-CLA$c20160930$lBLL01$h1631
=CAT  \\$aBATCH-UPD$b00$c20170216$lBLL01$h1950
=CAT  \\$aIPL-CLA$c20170331$lBLL01$h1908
=CAT  \\$aBATCH-UPD$b00$c20170904$lBLL01$h2017
=CAT  \\$aIPL-CLA$c20170929$lBLL01$h1754
=CAT  \\$aBATCH-UPD$b00$c20180223$lBLL01$h1915
=CAT  \\$aIPL-CLA$c20180331$lBLL01$h1651
=CAT  \\$aBATCH-UPD$b00$c20180524$lBLL01$h1802
=CAT  \\$aIPL-CLA$c20180630$lBLL01$h1932
=CFI  0\$aCurrent copyright fee: GBP19.00$c42\0$e01-jul-2018$fGBP19.00$g0$hP$5Uk
=CFI  2\$aPrevious copyright fee: GBP21.39$c42\0$e01-apr-2018$fGBP21.39$g0$hP$5Uk
=CNF  \\$aIberoamerican congress on pattern recognition$n(15th :$d2010 Nov :$cSão Paulo, Brazil)
=FFP  \\$aY$bBLDSS-3PM
=FIN  \\$aY$d20101104
=FMT  \\$a  BK
=LAS  \\$aIPL-CLA$b00$c20180630$lBLL01$h1932
=TCO  \\$aDEU$bVG WORT$c008
=UNO  \\$aY

