=LDR  04738aam a2200997 a 4500
=001  015703846
=003  Uk
=005  20160330150148.0
=008  101126s2010\\\\enka\\\\\b\\\|1|1\0\eng\\
=010  \\$a2010931853
=020  \\$a9783642150333 (pbk.)
=020  \\$a3642150330 (pbk.)
=040  \\$aUk$beng$cUk$dUk
=042  \\$aukblsr
=082  04$a006.3$222
=111  2\$aICCCI (Conference)$n(1st :$d2009 :$cWrocław, Poland)
=245  10$aTransactions on computational collective intelligence I /$cNgoc Thanh Nguyen, Ryszard Kowalczyk (eds.).
=260  \\$aBerlin :$bSpringer,$cc2010.
=300  \\$a206 p. :$bill. ;$c24 cm.
=336  \\$atext$2rdacontent
=337  \\$aunmediated$2rdamedia
=338  \\$avolume$2rdacarrier
=490  1\$aLecture notes in computer science,$x0302-9743 ;$v6220.$aJournal subline
=500  \\$a" ... based on the best papers presented at the first International Conference on Computational Collective Intelligence: Semantic Web, Social Networks and Multiagent Systems (ICCCI 2009) during October 5-7, 2009 in Wroclaw (Poland)"--Pref.
=504  \\$aIncludes bibliographical references and author index.
=540  \\$aCurrent copyright fee: GBP19.00$c42\0$5Uk
=591  \\$aSelected papers.
=650  \0$aArtificial intelligence$vCongresses.
=650  \0$aIntelligent agents (Computer software)$vCongresses.
=650  \0$aSemantic Web$vCongresses.
=650  \0$aOnline social networks$vCongresses.
=653  1\$aComputational collective intelligence
=653  1\$aICCCI
=700  1\$aNguyen, Ngoc Thanh$c(Computer scientist)
=700  1\$aKowalczyk, Ryszard,$d1961-
=830  \0$aLecture notes in computer science ;$v6220.
=830  \0$aLecture notes in computer science.$pJournal subline.
=852  41$aBritish Library$bDSC$j5180.185000$ino. 6220
=852  71$aBritish Library$bHMNTS$k(P)$hPL 50$m-E(50)$i6220$2blsrissc
=856  \\$31850-9999$uhttp://www.springer.com/gb/$xBLDSS
=945  \\$aLecture notes in computer science, ISSN 0302-9743 ; no 6220 2010
=ACF  \\$aPrevious copyright fee: GBP18.72$c42\0$e01-jan-2013$fGBP18.72$g0$hP$5Uk
=ACF  \\$aPrevious copyright fee: GBP19.32$c42\0$e01-jul-2013$fGBP19.32$g0$hP$5Uk
=ACF  \\$aPrevious copyright fee: GBP18.72$c42\0$e01-jan-2014$fGBP18.72$g0$hP$5Uk
=ACF  \\$aPrevious copyright fee: GBP18.15$c42\0$e01-jul-2014$fGBP18.15$g0$hP$5Uk
=ACF  \\$aPrevious copyright fee: GBP19.32$c42\0$e01-apr-2015$fGBP19.32$g0$hP$5Uk
=ACF  \\$aPrevious copyright fee: GBP19.32$c42\0$e01-oct-2015$fGBP19.32$g0$hP$5Uk
=ACF  \\$aPrevious copyright fee: GBP20.66$c42\0$e01-apr-2016$fGBP20.66$g0$hP$5Uk
=ACF  \\$aPrevious copyright fee: GBP22.19$c42\0$e01-oct-2016$fGBP22.19$g0$hP$5Uk
=ACF  \\$aPrevious copyright fee: GBP23.96$c42\0$e01-apr-2017$fGBP23.96$g0$hP$5Uk
=ACF  \\$aPrevious copyright fee: GBP23.04$c42\0$e01-oct-2017$fGBP23.04$g0$hP$5Uk
=CAT  \\$a7233$b40$c20101126$lBLL01$h1210
=CAT  \\$aIPL-CLA$c20140630$lBLL01$h1750
=CAT  \\$aBLDSS-3PM$b00$c20150102$lBLL01$h1734
=CAT  \\$aBATCH-UPD$b00$c20150219$lBLL01$h1921
=CAT  \\$aIPL-CLA$c20150331$lBLL01$h1711
=CAT  \\$aBATCH-UPD$b00$c20150520$lBLL01$h1920
=CAT  \\$aBATCH-UPD$b00$c20150521$lBLL01$h1429
=CAT  \\$aIPL-CLA$c20150630$lBLL01$h1713
=CAT  \\$aBATCH-UPD$b00$c20150820$lBLL01$h1950
=CAT  \\$aIPL-CLA$c20150930$lBLL01$h1839
=CAT  \\$aBATCH-UPD$b00$c20160217$lBLL01$h1848
=CAT  \\$a6989$b40$c20160330$lBLL01$h1501
=CAT  \\$aBATCH-CLA$b00$c20160331$lBLL01$h0122
=CAT  \\$aIPL-CLA$c20160331$lBLL01$h1802
=CAT  \\$aBATCH-UPD$b00$c20160524$lBLL01$h2249
=CAT  \\$aBATCH-UPD$b00$c20160525$lBLL01$h0540
=CAT  \\$aBATCH-UPD$b00$c20160824$lBLL01$h1906
=CAT  \\$aIPL-CLA$c20160930$lBLL01$h1631
=CAT  \\$aBATCH-UPD$b00$c20170216$lBLL01$h1950
=CAT  \\$aIPL-CLA$c20170331$lBLL01$h1908
=CAT  \\$aBATCH-UPD$b00$c20170904$lBLL01$h2017
=CAT  \\$aIPL-CLA$c20170929$lBLL01$h1754
=CAT  \\$aBATCH-UPD$b00$c20180223$lBLL01$h1915
=CAT  \\$aIPL-CLA$c20180331$lBLL01$h1652
=CAT  \\$aBATCH-UPD$b00$c20180524$lBLL01$h1802
=CAT  \\$aIPL-CLA$c20180630$lBLL01$h1932
=CFI  0\$aCurrent copyright fee: GBP19.00$c42\0$e01-jul-2018$fGBP19.00$g0$hP$5Uk
=CFI  2\$aPrevious copyright fee: GBP21.39$c42\0$e01-apr-2018$fGBP21.39$g0$hP$5Uk
=CNF  \\$aInternational conference on computational collective intelligence: semantic web, social networks and multiagent systems (ICCCI 2009)$n(1st :$d(2009 Oct :$cWroclaw, Poland)
=FFP  \\$aY$bBLDSS-3PM
=FIN  \\$aY$d20101207
=FMT  \\$a  BK
=LAS  \\$aIPL-CLA$b00$c20180630$lBLL01$h1932
=TCO  \\$aDEU$bVG WORT$c008
=UNO  \\$aY

