=LDR  04459 am a2200997 a 4500
=001  014085012
=003  Uk
=005  20071024155650.0
=008  071012s2007\\\\gw\a\\\\\b\\\\001\0\eng\\
=010  \\$a2007936170
=020  \\$a9783540744634 (pbk.)
=020  \\$a3540744630 (pbk.)
=040  \\$aUk$beng$cUk
=042  \\$aukblsr
=082  04$a005.131$222
=111  2\$aTYPES 2006$d(2006 :$cNottingham, England)
=245  10$aTypes for proofs and programs :$binternational workshop, TYPES 2006, Nottingham, UK, April 18-21, 2006 ; revised selected papers /$cThorsten Altenkirch, Conor McBride (eds.).
=260  \\$aBerlin :$bSpringer,$c2007.
=300  \\$aviii, 268 p. :$bill. ;$c24 cm.
=336  \\$atext$2rdacontent
=337  \\$aunmediated$2rdamedia
=338  \\$avolume$2rdacarrier
=490  1\$aLecture notes in computer science,$x0302-9743 ;$v4502
=500  \\$aInternational conference proceedings.
=504  \\$aIncludes bibliographical references and index.
=540  \\$aCurrent copyright fee: GBP19.00$c42\0$5Uk
=591  \\$aSelected papers. Based on those presented at the conference.
=650  \0$aAutomatic theorem proving$vCongresses.
=650  \0$aComputer programming$vCongresses.
=650  \0$aType theory$vCongresses.
=653  1\$aProofs
=653  1\$aPrograms
=653  1\$aTYPES
=700  1\$aAltenkirch, Thorsten,$d1962-
=700  1\$aMcBride, Conor.
=830  \0$aLecture notes in computer science,$x0302-9743 ;$v4502
=852  41$aBritish Library$bDSC$j5180.185000$ino. 4502
=852  71$aBritish Library$bHMNTS$k(P)$hPL 50$m-E(30)$i4502$2blsrissc
=856  \\$31850-9999$uhttp://www.springer.com/gb/$xBLDSS
=945  \\$aLecture notes in computer science, ISSN 0302-9743 ; no 4502 2007
=ACF  \\$aPrevious copyright fee: GBP18.72$c42\0$e01-jan-2013$fGBP18.72$g0$hP$5Uk
=ACF  \\$aPrevious copyright fee: GBP19.32$c42\0$e01-jul-2013$fGBP19.32$g0$hP$5Uk
=ACF  \\$aPrevious copyright fee: GBP18.72$c42\0$e01-jan-2014$fGBP18.72$g0$hP$5Uk
=ACF  \\$aPrevious copyright fee: GBP18.15$c42\0$e01-jul-2014$fGBP18.15$g0$hP$5Uk
=ACF  \\$aPrevious copyright fee: GBP19.32$c42\0$e01-apr-2015$fGBP19.32$g0$hP$5Uk
=ACF  \\$aPrevious copyright fee: GBP19.97$c42\0$e01-jul-2015$fGBP19.97$g0$hP$5Uk
=ACF  \\$aPrevious copyright fee: GBP19.32$c42\0$e01-oct-2015$fGBP19.32$g0$hP$5Uk
=ACF  \\$aPrevious copyright fee: GBP20.66$c42\0$e01-apr-2016$fGBP20.66$g0$hP$5Uk
=ACF  \\$aPrevious copyright fee: GBP22.19$c42\0$e01-oct-2016$fGBP22.19$g0$hP$5Uk
=ACF  \\$aPrevious copyright fee: GBP23.96$c42\0$e01-apr-2017$fGBP23.96$g0$hP$5Uk
=ACF  \\$aPrevious copyright fee: GBP23.04$c42\0$e01-oct-2017$fGBP23.04$g0$hP$5Uk
=CAT  \\$a6098$b40$c20071012$lBLL01$h1101
=CAT  \\$aBATCH-CLA$c20140528$lBLL01$h1751
=CAT  \\$aIPL-CLA$c20140630$lBLL01$h1735
=CAT  \\$aBLDSS-3PM$b00$c20150102$lBLL01$h1732
=CAT  \\$aBATCH-UPD$b00$c20150219$lBLL01$h1914
=CAT  \\$aIPL-CLA$c20150331$lBLL01$h1652
=CAT  \\$aBATCH-UPD$b00$c20150405$lBLL01$h0938
=CAT  \\$aBATCH-UPD$b00$c20150520$lBLL01$h1911
=CAT  \\$aBATCH-UPD$b00$c20150521$lBLL01$h1315
=CAT  \\$aIPL-CLA$c20150630$lBLL01$h1657
=CAT  \\$aBATCH-UPD$b00$c20150820$lBLL01$h1943
=CAT  \\$aIPL-CLA$c20150930$lBLL01$h1821
=CAT  \\$aBATCH-UPD$b00$c20160217$lBLL01$h1841
=CAT  \\$aIPL-CLA$c20160331$lBLL01$h1743
=CAT  \\$aBATCH-UPD$b00$c20160524$lBLL01$h2243
=CAT  \\$aBATCH-UPD$b00$c20160525$lBLL01$h0504
=CAT  \\$aBATCH-UPD$b00$c20160824$lBLL01$h1900
=CAT  \\$aIPL-CLA$c20160930$lBLL01$h1616
=CAT  \\$aBATCH-UPD$b00$c20170216$lBLL01$h1945
=CAT  \\$aIPL-CLA$c20170331$lBLL01$h1855
=CAT  \\$aBATCH-UPD$b00$c20170904$lBLL01$h2010
=CAT  \\$aIPL-CLA$c20170929$lBLL01$h1740
=CAT  \\$aBATCH-UPD$b00$c20180223$lBLL01$h1907
=CAT  \\$aIPL-CLA$c20180331$lBLL01$h1632
=CAT  \\$aBATCH-UPD$b00$c20180524$lBLL01$h1758
=CAT  \\$aIPL-CLA$c20180630$lBLL01$h1923
=CFI  0\$aCurrent copyright fee: GBP19.00$c42\0$e01-jul-2018$fGBP19.00$g0$hP$5Uk
=CFI  2\$aPrevious copyright fee: GBP21.39$c42\0$e01-apr-2018$fGBP21.39$g0$hP$5Uk
=CNF  \\$aTypes for proofs and programs (International workshop)$d(2006 Apr :$cNottingham)
=FFP  \\$aY$bBLDSS-3PM
=FIN  \\$aY$d20071024
=FMT  \\$a  BK
=LAS  \\$aIPL-CLA$b00$c20180630$lBLL01$h1923
=TCO  \\$aDEU$bVG WORT$c008
=UNO  \\$aY

