=LDR  04416cam a2201009 a 4500
=001  014200857
=003  Uk
=005  20230924063754.0
=008  071012s2007\\\\gw\a\\\\\b\\\\101\0\eng\d
=FMT  \\$a  BK
=010  \\$a2007937397
=020  \\$a9783540757726 (pbk.)
=020  \\$a3540757724 (pbk.)
=035  \\$a(OCoLC)174168242
=040  \\$aOHX$beng$cOHX$dUk
=042  \\$aukblsr
=072  \7$aQA$2lcco
=082  04$a004.019$222
=111  2\$aIEEE International Workshop on Human-Computer Interaction$d(2007 :$cRio de Janeiro, Brazil)
=CNF  \\$aHuman computer interaction (International workshop)$d(2007 Oct :$cRio de Janeiro, Brazil)
=245  10$aHuman-computer interaction :$bIEEE international workshop, HCI 2007, Rio de Janeiro, Brazil, October 20, 2007 ; proceedings /$cMichael Lew ... [et al.] (eds.).
=260  \\$aBerlin :$bSpringer,$c2007.
=300  \\$ax, 156 p. :$bill. ;$c24 cm.
=336  \\$atext$2rdacontent
=337  \\$aunmediated$2rdamedia
=338  \\$avolume$2rdacarrier
=490  1\$aLecture notes in computer science,$v4796$x0302-9743 ;
=500  \\$aInternational conference proceedings.
=504  \\$aIncludes bibliographical references.
=591  \\$aPapers.
=540  \\$aCurrent copyright fee: GBP19.00$c42\0$5Uk
=650  \0$aHuman-computer interaction$vCongresses.
=653  1\$aHCI
=653  1\$aHuman-computer interaction
=653  2\$aIEEE
=700  1\$aLew, Michael S.,$d1965-
=830  \0$aLecture notes in computer science,$v4796$x0302-9743 ;
=856  \\$31850-9999$uhttp://www.springer.com/gb/$xBLDSS
=852  41$aBritish Library$bDSC$j5180.185000$ino. 4796
=852  71$aBritish Library$bSTI$k(P)$m-E(30)$i4796$2blsrissc
=945  \\$aLecture notes in computer science, ISSN 0302-9743 ; no 4796 2007
=CAT  \\$a6098$b40$c20071024$lBLL01$h0929
=CAT  \\$aIPL-CLA$c20140101$lBLL01$h0037
=CAT  \\$aBATCH-UPD$b00$c20140527$lBLL01$h2230
=CAT  \\$aBATCH-CLA$c20140528$lBLL01$h1752
=CAT  \\$aIPL-CLA$c20140630$lBLL01$h1736
=CAT  \\$aBLDSS-3PM$b00$c20150102$lBLL01$h1732
=CAT  \\$aBATCH-UPD$b00$c20150219$lBLL01$h1915
=CAT  \\$aIPL-CLA$c20150331$lBLL01$h1653
=CAT  \\$aBATCH-UPD$b00$c20150520$lBLL01$h1912
=CAT  \\$aIPL-CLA$c20150630$lBLL01$h1658
=CAT  \\$aBATCH-UPD$b00$c20150820$lBLL01$h1944
=CAT  \\$aIPL-CLA$c20150930$lBLL01$h1822
=CAT  \\$aBATCH-UPD$b00$c20160217$lBLL01$h1842
=CAT  \\$aIPL-CLA$c20160331$lBLL01$h1744
=CAT  \\$aBATCH-UPD$b00$c20160524$lBLL01$h2244
=CAT  \\$aBATCH-UPD$b00$c20160525$lBLL01$h0506
=CAT  \\$aBATCH-UPD$b00$c20160824$lBLL01$h1900
=CAT  \\$aIPL-CLA$c20160930$lBLL01$h1617
=CAT  \\$aBATCH-UPD$b00$c20170216$lBLL01$h1945
=CAT  \\$aIPL-CLA$c20170331$lBLL01$h1855
=CAT  \\$aBATCH-UPD$b00$c20170904$lBLL01$h2010
=CAT  \\$aIPL-CLA$c20170929$lBLL01$h1741
=CAT  \\$aBATCH-UPD$b00$c20180223$lBLL01$h1908
=CAT  \\$aIPL-CLA$c20180331$lBLL01$h1633
=CAT  \\$aBATCH-UPD$b00$c20180524$lBLL01$h1758
=CAT  \\$aIPL-CLA$c20180630$lBLL01$h1923
=CAT  \\$aW2308-1659$c20230923$lBLL01$h1112
=CAT  \\$aBATCH-CLA$b00$c20230924$lBLL01$h0637
=CFI  0\$aCurrent copyright fee: GBP19.00$c42\0$e01-jul-2018$fGBP19.00$g0$hP$5Uk
=FFP  \\$aY$bBLDSS-3PM
=FIN  \\$aY$d20071106
=SID  \\$aZ39$bOCLC
=TCO  \\$aDEU$bVG WORT$c008
=UNO  \\$aY
=ACF  \\$aPrevious copyright fee: GBP18.72$c42\0$e01-jan-2013$fGBP18.72$g0$hP$5Uk
=ACF  \\$aPrevious copyright fee: GBP19.32$c42\0$e01-jul-2013$fGBP19.32$g0$hP$5Uk
=ACF  \\$aPrevious copyright fee: GBP18.72$c42\0$e01-jan-2014$fGBP18.72$g0$hP$5Uk
=ACF  \\$aPrevious copyright fee: GBP18.15$c42\0$e01-jul-2014$fGBP18.15$g0$hP$5Uk
=ACF  \\$aPrevious copyright fee: GBP19.32$c42\0$e01-apr-2015$fGBP19.32$g0$hP$5Uk
=ACF  \\$aPrevious copyright fee: GBP19.97$c42\0$e01-jul-2015$fGBP19.97$g0$hP$5Uk
=ACF  \\$aPrevious copyright fee: GBP19.32$c42\0$e01-oct-2015$fGBP19.32$g0$hP$5Uk
=ACF  \\$aPrevious copyright fee: GBP20.66$c42\0$e01-apr-2016$fGBP20.66$g0$hP$5Uk
=ACF  \\$aPrevious copyright fee: GBP22.19$c42\0$e01-oct-2016$fGBP22.19$g0$hP$5Uk
=ACF  \\$aPrevious copyright fee: GBP23.96$c42\0$e01-apr-2017$fGBP23.96$g0$hP$5Uk
=ACF  \\$aPrevious copyright fee: GBP23.04$c42\0$e01-oct-2017$fGBP23.04$g0$hP$5Uk
=LAS  \\$aBATCH-CLA$b00$c20230924$lBLL01$h0637

