=LDR  04492cam a2201021 a 4500
=001  014472038
=003  Uk
=005  20230924063758.0
=008  071207s2007\\\\gw\a\\\\\b\\\\101\0\eng\\
=FMT  \\$a  BK
=010  \\$a2007940398
=020  \\$a9783540770855 (pbk.)
=020  \\$a3540770852 (pbk.)
=035  \\$a(OCoLC)183258016
=040  \\$aOHX$beng$cOHX$dUk
=042  \\$aukblsr
=072  \7$aQA$2lcco
=082  04$a005.8$222
=111  2\$aInternational Conference on Information Systems Security$n(3rd :$d2007 :$cDelhi, India)
=CNF  \\$aInformation systems security (International conference)$n(3rd :$d2007 Dec :$cDelhi)
=245  10$aInformation systems security :$bthird international conference, ICISS 2007, Delhi, India, December 16-20, 2007 : proceedings /$cPatrick McDaniel, Shyam K. Gupta (eds.).
=260  \\$aBerlin :$bSpringer,$cc2007.
=300  \\$axiii, 322 p. :$bill. ;$c24 cm.
=336  \\$atext$2rdacontent
=337  \\$aunmediated$2rdamedia
=338  \\$avolume$2rdacarrier
=490  1\$aLecture notes in computer science,$x0302-9743 ;$v4812
=500  \\$aInternational conference proceedings.
=504  \\$aIncludes bibliographical references and index.
=591  \\$aPapers.
=540  \\$aCurrent copyright fee: GBP19.00$c42\0$5Uk
=650  \0$aComputer security$vCongresses.
=650  \0$aComputers$xAccess control$vCongresses.
=653  1\$aICISS
=653  1\$aInformation systems security
=700  1\$aMcDaniel, Patrick.
=700  1\$aGupta, Shyam K.
=830  \0$aLecture notes in computer science,$x0302-9743 ;$v4812
=856  \\$31850-9999$uhttp://www.springer.com/gb/$xBLDSS
=852  41$aBritish Library$bDSC$j5180.185000$ino. 4812
=852  71$aBritish Library$bHMNTS$k(P)$hPL 50$m-E(30)$i4812$2blsrissc
=945  \\$aLecture notes in computer science, ISSN 0302-9743 ; no 4812 2007
=CAT  \\$a6098$b40$c20071213$lBLL01$h1242
=CAT  \\$aIPL-CLA$c20140101$lBLL01$h0046
=CAT  \\$aBATCH-UPD$b00$c20140527$lBLL01$h2231
=CAT  \\$aBATCH-CLA$c20140528$lBLL01$h1753
=CAT  \\$aIPL-CLA$c20140630$lBLL01$h1738
=CAT  \\$aBLDSS-3PM$b00$c20150102$lBLL01$h1732
=CAT  \\$aBATCH-UPD$b00$c20150219$lBLL01$h1916
=CAT  \\$aIPL-CLA$c20150331$lBLL01$h1655
=CAT  \\$aBATCH-UPD$b00$c20150520$lBLL01$h1913
=CAT  \\$aIPL-CLA$c20150630$lBLL01$h1659
=CAT  \\$aBATCH-UPD$b00$c20150820$lBLL01$h1945
=CAT  \\$aIPL-CLA$c20150930$lBLL01$h1825
=CAT  \\$aBATCH-UPD$b00$c20160217$lBLL01$h1843
=CAT  \\$aIPL-CLA$c20160331$lBLL01$h1747
=CAT  \\$aBATCH-UPD$b00$c20160524$lBLL01$h2244
=CAT  \\$aBATCH-UPD$b00$c20160525$lBLL01$h0509
=CAT  \\$aBATCH-UPD$b00$c20160824$lBLL01$h1901
=CAT  \\$aIPL-CLA$c20160930$lBLL01$h1618
=CAT  \\$aBATCH-UPD$b00$c20170216$lBLL01$h1946
=CAT  \\$aIPL-CLA$c20170331$lBLL01$h1857
=CAT  \\$aBATCH-UPD$b00$c20170904$lBLL01$h2011
=CAT  \\$aIPL-CLA$c20170929$lBLL01$h1742
=CAT  \\$aBATCH-UPD$b00$c20180223$lBLL01$h1909
=CAT  \\$aIPL-CLA$c20180331$lBLL01$h1635
=CAT  \\$aBATCH-UPD$b00$c20180524$lBLL01$h1759
=CAT  \\$aIPL-CLA$c20180630$lBLL01$h1925
=CAT  \\$aW2308-1659$c20230923$lBLL01$h1116
=CAT  \\$aBATCH-CLA$b00$c20230924$lBLL01$h0637
=CFI  0\$aCurrent copyright fee: GBP19.00$c42\0$e01-jul-2018$fGBP19.00$g0$hP$5Uk
=FFP  \\$aY$bBLDSS-3PM
=FIN  \\$aY$d20080105
=SID  \\$aZ39$bOCLC
=TCO  \\$aDEU$bVG WORT$c008
=UNO  \\$aY
=ACF  \\$aPrevious copyright fee: GBP18.72$c42\0$e01-jan-2013$fGBP18.72$g0$hP$5Uk
=ACF  \\$aPrevious copyright fee: GBP19.32$c42\0$e01-jul-2013$fGBP19.32$g0$hP$5Uk
=ACF  \\$aPrevious copyright fee: GBP18.72$c42\0$e01-jan-2014$fGBP18.72$g0$hP$5Uk
=ACF  \\$aPrevious copyright fee: GBP18.15$c42\0$e01-jul-2014$fGBP18.15$g0$hP$5Uk
=ACF  \\$aPrevious copyright fee: GBP19.32$c42\0$e01-apr-2015$fGBP19.32$g0$hP$5Uk
=ACF  \\$aPrevious copyright fee: GBP19.97$c42\0$e01-jul-2015$fGBP19.97$g0$hP$5Uk
=ACF  \\$aPrevious copyright fee: GBP19.32$c42\0$e01-oct-2015$fGBP19.32$g0$hP$5Uk
=ACF  \\$aPrevious copyright fee: GBP20.66$c42\0$e01-apr-2016$fGBP20.66$g0$hP$5Uk
=ACF  \\$aPrevious copyright fee: GBP22.19$c42\0$e01-oct-2016$fGBP22.19$g0$hP$5Uk
=ACF  \\$aPrevious copyright fee: GBP23.96$c42\0$e01-apr-2017$fGBP23.96$g0$hP$5Uk
=ACF  \\$aPrevious copyright fee: GBP23.04$c42\0$e01-oct-2017$fGBP23.04$g0$hP$5Uk
=LAS  \\$aBATCH-CLA$b00$c20230924$lBLL01$h0637

