=LDR  04188pam a2200949 a 4500
=001  014627650
=003  Uk
=005  20080918083804.0
=008  080513s2008\\\\gw\a\\\\\b\\\\101\0\eng\d
=FMT  \\$a  BK
=015  \\$aGBA871582$2bnb
=016  7\$a014627650$2Uk
=020  \\$a9783527408207 (cased) :$c£90.00
=020  \\$a3527408207 (cased) :$c£90.00
=040  \\$aStDuBDS$beng$cStDuBDS$dUk
=042  \\$aukblsr
=082  04$a523.1$222
=CNF  \\$aCosmic matter (Conference)$d(2007 Sep :$cWürzburg, Germany)
=245  00$aReviews in modern astronomy.$n20,$pCosmic matter /$cedited by Siegfried Röser.
=246  30$aCosmic matter
=260  \\$aWeinheim :$bWiley-VCH ;$a[Chichester :$bJohn Wiley, distributor],$c2008.
=300  \\$a419 p. :$bill. ;$c25 cm.
=336  \\$atext$2rdacontent
=337  \\$aunmediated$2rdamedia
=338  \\$avolume$2rdacarrier
=500  \\$aContains contributions from the conference on 'Cosmic matter' held at Würzburg 24 to 29 September 2007.
=500  \\$aSelected conference papers.
=504  \\$aIncludes bibliographical references and index.
=500  \\$aFormerly CIP.$5Uk
=591  \\$aSelected papers.
=540  \\$aCurrent copyright fee: GBP19.00$c42\0$5Uk
=650  \0$aCosmology$vCongresses.
=650  \0$aLarge scale structure (Astronomy)$vCongresses.
=700  1\$aRöser, Siegfried.
=710  2\$aAstronomische Gesellschaft (Germany).$bMeeting.$d(2007 :$cWürzburg, Germany)
=856  \\$31850-9999$uhttp://www.springer.com/gb/$xBLDSS
=852  41$aBritish Library$bDSC$j7793.160000$ino. 20
=852  11$aBritish Library$bSTI$k(B)523.1
=945  \\$aReviews in modern astronomy ; no 20 2008
=CAT  \\$aBATCH-CIP$b00$c20080527$lBLL01$h1702
=CAT  \\$aBATCH-CLA$c20140528$lBLL01$h1756
=CAT  \\$aIPL-CLA$c20140630$lBLL01$h1740
=CAT  \\$aBLDSS-3PM$b00$c20150102$lBLL01$h1733
=CAT  \\$aBATCH-UPD$b00$c20150219$lBLL01$h1916
=CAT  \\$aIPL-CLA$c20150331$lBLL01$h1657
=CAT  \\$aBATCH-UPD$b00$c20150520$lBLL01$h1914
=CAT  \\$aIPL-CLA$c20150630$lBLL01$h1701
=CAT  \\$aBATCH-UPD$b00$c20150820$lBLL01$h1946
=CAT  \\$aIPL-CLA$c20150930$lBLL01$h1827
=CAT  \\$aBATCH-UPD$b00$c20160217$lBLL01$h1843
=CAT  \\$aIPL-CLA$c20160331$lBLL01$h1749
=CAT  \\$aBATCH-UPD$b00$c20160524$lBLL01$h2245
=CAT  \\$aBATCH-UPD$b00$c20160525$lBLL01$h0514
=CAT  \\$aWR16_021$c20160620$lBLL01$h1813
=CAT  \\$aBATCH-CLA$b00$c20160621$lBLL01$h0121
=CAT  \\$aBATCH-UPD$b00$c20160824$lBLL01$h1901
=CAT  \\$aIPL-CLA$c20160930$lBLL01$h1621
=CAT  \\$aBATCH-UPD$b00$c20170216$lBLL01$h1946
=CAT  \\$aIPL-CLA$c20170331$lBLL01$h1859
=CAT  \\$aBATCH-UPD$b00$c20170904$lBLL01$h2012
=CAT  \\$aIPL-CLA$c20170929$lBLL01$h1745
=CAT  \\$aBATCH-UPD$b00$c20180223$lBLL01$h1910
=CAT  \\$aIPL-CLA$c20180331$lBLL01$h1638
=CAT  \\$aBATCH-UPD$b00$c20180524$lBLL01$h1759
=CAT  \\$aIPL-CLA$c20180630$lBLL01$h1926
=CFI  0\$aCurrent copyright fee: GBP19.00$c42\0$e01-jul-2018$fGBP19.00$g0$hP$5Uk
=CFI  2\$aPrevious copyright fee: GBP21.39$c42\0$e01-apr-2018$fGBP21.39$g0$hP$5Uk
=FFP  \\$aY$bBLDSS-3PM
=FIN  \\$aY$d20080915
=TCO  \\$aDEU$bVG WORT$c008
=UNO  \\$aY
=ACF  \\$aPrevious copyright fee: GBP18.72$c42\0$e01-jan-2013$fGBP18.72$g0$hP$5Uk
=ACF  \\$aPrevious copyright fee: GBP19.32$c42\0$e01-jul-2013$fGBP19.32$g0$hP$5Uk
=ACF  \\$aPrevious copyright fee: GBP18.72$c42\0$e01-jan-2014$fGBP18.72$g0$hP$5Uk
=ACF  \\$aPrevious copyright fee: GBP18.15$c42\0$e01-jul-2014$fGBP18.15$g0$hP$5Uk
=ACF  \\$aPrevious copyright fee: GBP19.32$c42\0$e01-apr-2015$fGBP19.32$g0$hP$5Uk
=ACF  \\$aPrevious copyright fee: GBP19.97$c42\0$e01-jul-2015$fGBP19.97$g0$hP$5Uk
=ACF  \\$aPrevious copyright fee: GBP20.66$c42\0$e01-apr-2016$fGBP20.66$g0$hP$5Uk
=ACF  \\$aPrevious copyright fee: GBP22.19$c42\0$e01-oct-2016$fGBP22.19$g0$hP$5Uk
=ACF  \\$aPrevious copyright fee: GBP23.96$c42\0$e01-apr-2017$fGBP23.96$g0$hP$5Uk
=ACF  \\$aPrevious copyright fee: GBP23.04$c42\0$e01-oct-2017$fGBP23.04$g0$hP$5Uk
=LAS  \\$aIPL-CLA$b00$c20180630$lBLL01$h1926

