=LDR  03166cam a2200805 a 4500
=001  014752596
=003  Uk
=005  20230924063545.0
=008  080418s2008\\\\paua\\\\\b\\\\001\0\eng\d
=FMT  \\$a  BK
=015  \\$aGBA8B0667$2bnb
=020  \\$a9781416063247 :$cNo price
=020  \\$a1416063242 :$cNo price
=035  \\$a(OCoLC)225874433
=040  \\$aBTCTA$beng$cBTCTA$dBAKER$dNSB$dHNW$dIOH$dUk
=042  \\$aukblsr
=082  04$a362.108900973$222
=245  00$aVulnerable populations /$cguest editors, Marcia Stanhope, LIsa M. Turner, Peggy Riley.
=260  \\$aPhiladelphia ;$aLondon :$bSaunders,$c2008.
=300  \\$axvi, p. 329-496 :$bill. ;$c24 cm.
=336  \\$atext$2rdacontent
=337  \\$aunmediated$2rdamedia
=338  \\$avolume$2rdacarrier
=490  1\$aNursing clinics of North America,$x0029-6465 ;$vv. 43, no. 3
=504  \\$aIncludes bibliographical references and index.
=540  \\$aCurrent copyright fee: GBP34.30$c5\1$5Uk
=650  \0$aNursing$xPractice$zUnited Satates.
=650  \0$aMinorities$xMedical care$zUnited Satates.
=650  \0$aHealth services accessibility$zUnited States.
=650  \0$aHealth promotion$zUnited States.
=690  7\$aSocial Welfare$2blcoll
=700  1\$aStanhope, Marcia.
=700  1\$aTurner, Lisa M.
=700  1\$aRiley, Peggy.
=830  \0$aNursing clinics of North America,$x0029-6465 ;$vv. 43, no. 3
=856  \\$31850-9999$uhttp://www.elsevier.com/journals$xBLDSS
=852  71$aBritish Library$bHMNTS$k(P)$hHB 50$m-E(80)$iv. 43, no. 3$2blsrissc
=852  41$aBritish Library$bDSC$j6187.040000$iv. 43, no. 3 (2008)
=CAT  \\$a6098$b40$c20080915$lBLL01$h0914
=CAT  \\$a6989$b40$c20080918$lBLL01$h0943
=CAT  \\$a6989$b40$c20080918$lBLL01$h1006
=CAT  \\$a11244$b40$c20080918$lBLL01$h1138
=CAT  \\$aBATCH$b00$c20091217$lBLL01$h0535
=CAT  \\$aBATCH$b00$c20100103$lBLL01$h1326
=CAT  \\$aBATCH$b00$c20110625$lBLL01$h0540
=CAT  \\$aBATCH-SWP4$c20110627$lBLL01$h1624
=CAT  \\$aBATCH-CLA$b00$c20130525$lBLL01$h1841
=CAT  \\$aBATCH-CLA$b00$c20140113$lBLL01$h0041
=CAT  \\$aBATCH-CLA$b00$c20140220$lBLL01$h0039
=CAT  \\$aBATCH-CLA$c20140226$lBLL01$h2042
=CAT  \\$aBLDSS-3PM$b00$c20141222$lBLL01$h1718
=CAT  \\$aBATCH-UPD$b00$c20171121$lBLL01$h1750
=CAT  \\$aBATCH-UPD$b00$c20171122$lBLL01$h0025
=CAT  \\$aIPL-CLA$c20171231$lBLL01$h1737
=CAT  \\$aBATCH-UPD$b00$c20190521$lBLL01$h1442
=CAT  \\$aBATCH-CLA$b00$c20190522$lBLL01$h0222
=CAT  \\$aBATCH-CLA$b00$c20190522$lBLL01$h0241
=CAT  \\$aIPL-CLA$c20190630$lBLL01$h1541
=CAT  \\$aBATCH-UPD$b00$c20211119$lBLL01$h1558
=CAT  \\$aBATCH-CLA$b00$c20211120$lBLL01$h0155
=CAT  \\$aBATCH-CLA$b00$c20211120$lBLL01$h0214
=CAT  \\$aIPL-CLA$c20211231$lBLL01$h1726
=CAT  \\$aW2308-1659$c20230923$lBLL01$h1129
=CAT  \\$aBATCH-CLA$b00$c20230924$lBLL01$h0635
=CFI  0\$aCurrent copyright fee: GBP34.30$c5\1$e01-jan-2022$fGBP34.30$g0$hP$5Uk
=FFP  \\$aY$bBLDSS-3PM
=FIN  \\$aY$d20080918
=SID  \\$aZ39$bOCLC
=TCO  \\$aTRS$bCCC$c008
=LAS  \\$aBATCH-CLA$b00$c20230924$lBLL01$h0635

