=LDR  03977pam a2200925 a 4500
=001  014821927
=003  Uk
=005  20090619120436.0
=008  081027s2009\\\\njua\\\\\b\\\\001\0\eng\d
=FMT  \\$a  BK
=010  \\$a2008942055
=015  \\$aGBA8D1614$2bnb
=016  7\$a014821927$2Uk
=020  \\$a9781588297747 (cased) :$cNo price
=020  \\$a1588297748 (cased) :$cNo price
=020  \\$a9781597450225 (e-bk.) :$cNo price
=040  \\$aStDuBDS$beng$cStDuBDS$dUk
=042  \\$aukblsr
=082  04$a572.56$222
=245  00$aGlycomics :$bmethods and protocols /$cedited by Nicolle H. Packer and Niclas G. Karlsson.
=260  \\$aTotowa, N.J. :$bHumana ;$cc2009.$a[London :$bSpringer, distributor],
=300  \\$axiv, 389 p. :$bill. ;$c27 cm.
=336  \\$atext$2rdacontent
=337  \\$aunmediated$2rdamedia
=338  \\$avolume$2rdacarrier
=490  0\$aMethods in molecular biology,$x1064-3745 ;$v534
=490  0\$aSpringer protocols
=504  \\$aIncludes bibliographical references and index.
=500  \\$aFormerly CIP.$5Uk
=540  \\$aCurrent copyright fee: GBP19.00$c42\0$5Uk
=650  \0$aGlycomics.
=700  1\$aPacker, Nicolle.
=700  1\$aKarlsson, Niclas G.
=856  \\$31850-9999$uhttp://www.springer.com/gb/$xBLDSS
=852  11$aBritish Library$bSTI$k572.56
=852  41$aBritish Library$bDSC$j5748.201800$iv. 534
=CAT  \\$aBATCH-CIPN$b00$c20081118$lBLL01$h1702
=CAT  \\$aBATCH-UPD$b00$c20140527$lBLL01$h2232
=CAT  \\$aBATCH-CLA$c20140528$lBLL01$h1758
=CAT  \\$aIPL-CLA$c20140630$lBLL01$h1742
=CAT  \\$aBLDSS-3PM$b00$c20150102$lBLL01$h1733
=CAT  \\$aBATCH-UPD$b00$c20150219$lBLL01$h1917
=CAT  \\$aIPL-CLA$c20150331$lBLL01$h1700
=CAT  \\$aBATCH-UPD$b00$c20150520$lBLL01$h1915
=CAT  \\$aIPL-CLA$c20150630$lBLL01$h1703
=CAT  \\$aBATCH-UPD$b00$c20150820$lBLL01$h1947
=CAT  \\$aIPL-CLA$c20150930$lBLL01$h1830
=CAT  \\$aBATCH-UPD$b00$c20160217$lBLL01$h1844
=CAT  \\$aIPL-CLA$c20160331$lBLL01$h1752
=CAT  \\$aBATCH-UPD$b00$c20160524$lBLL01$h2246
=CAT  \\$aBATCH-UPD$b00$c20160525$lBLL01$h0519
=CAT  \\$aWR16_021$c20160623$lBLL01$h1805
=CAT  \\$aBATCH-UPD$b00$c20160824$lBLL01$h1902
=CAT  \\$aIPL-CLA$c20160930$lBLL01$h1623
=CAT  \\$aBATCH-UPD$b00$c20170216$lBLL01$h1947
=CAT  \\$aIPL-CLA$c20170331$lBLL01$h1901
=CAT  \\$aBATCH-UPD$b00$c20170904$lBLL01$h2014
=CAT  \\$aIPL-CLA$c20170929$lBLL01$h1747
=CAT  \\$aBATCH-UPD$b00$c20180223$lBLL01$h1911
=CAT  \\$aIPL-CLA$c20180331$lBLL01$h1640
=CAT  \\$aBATCH-UPD$b00$c20180524$lBLL01$h1800
=CAT  \\$aIPL-CLA$c20180630$lBLL01$h1927
=CFI  0\$aCurrent copyright fee: GBP19.00$c42\0$e01-jul-2018$fGBP19.00$g0$hP$5Uk
=CFI  2\$aPrevious copyright fee: GBP21.39$c42\0$e01-apr-2018$fGBP21.39$g0$hP$5Uk
=FFP  \\$aY$bBLDSS-3PM
=FIN  \\$aY$d20090619.
=TCO  \\$aNLD$bSTICHTING REPRORECHT$c008
=UNO  \\$aY
=ACF  \\$aPrevious copyright fee: GBP18.72$c42\0$e01-jan-2013$fGBP18.72$g0$hP$5Uk
=ACF  \\$aPrevious copyright fee: GBP19.32$c42\0$e01-jul-2013$fGBP19.32$g0$hP$5Uk
=ACF  \\$aPrevious copyright fee: GBP18.72$c42\0$e01-jan-2014$fGBP18.72$g0$hP$5Uk
=ACF  \\$aPrevious copyright fee: GBP18.15$c42\0$e01-jul-2014$fGBP18.15$g0$hP$5Uk
=ACF  \\$aPrevious copyright fee: GBP19.32$c42\0$e01-apr-2015$fGBP19.32$g0$hP$5Uk
=ACF  \\$aPrevious copyright fee: GBP19.97$c42\0$e01-jul-2015$fGBP19.97$g0$hP$5Uk
=ACF  \\$aPrevious copyright fee: GBP19.32$c42\0$e01-oct-2015$fGBP19.32$g0$hP$5Uk
=ACF  \\$aPrevious copyright fee: GBP20.66$c42\0$e01-apr-2016$fGBP20.66$g0$hP$5Uk
=ACF  \\$aPrevious copyright fee: GBP22.19$c42\0$e01-oct-2016$fGBP22.19$g0$hP$5Uk
=ACF  \\$aPrevious copyright fee: GBP23.96$c42\0$e01-apr-2017$fGBP23.96$g0$hP$5Uk
=ACF  \\$aPrevious copyright fee: GBP23.04$c42\0$e01-oct-2017$fGBP23.04$g0$hP$5Uk
=LAS  \\$aIPL-CLA$b00$c20180630$lBLL01$h1927

