=LDR  02690cam a22006377i 4500
=001  020688425
=003  Uk
=005  20230110010403.0
=008  220726s2022\\\\sz\a\\\\\b\\\\1|1\0|eng\\
=FMT  \\$a  BK
=020  \\$a9783318070330$qhardback
=020  \\$z9783318070156$qebook
=040  \\$aUk$beng$cUk$erda
=111  2\$aNestlé Nutrition Workshop$n(96th :$d2021)
=CNF  \\$aNestle Nutrition Institute workshop$n(96th :$d2021 May :$cOnline)
=245  10$aStrategies in neonatal care to promote optimized growth and development :$bfocus on low birth weight infants : May 26-28, 2021 /$ceditors: Nicholas D. Embleton, Ferdinand Haschke, Lars Bode.
=264  \1$aBasel, Switzerland :$bKarger,$c[2022]
=300  \\$axv, 183 pages :$billustrations (black and white, and colour) ;$c25 cm.
=336  \\$atext$2rdacontent
=337  \\$aunmediated$2rdamedia
=338  \\$avolume$2rdacarrier
=490  0\$aNestlé Nutrition Institute workshop series,$x1664-2147 ;$vvolume 96
=591  \\$aPapers. Described as proceedings.
=530  \\$aAlso published electronically.
=500  \\$a"e-ISSN 1664-2155."--Title page verso.
=504  \\$aIncludes bibliographical references and index.
=540  \\$aCurrent copyright fee: GBP35.00$c24\0$5Uk
=710  2\$aNestlé Nutrition Institute.
=700  1\$aEmbleton, Nicholas D.,$eeditor.
=700  1\$aHaschke, F.,$eeditor.
=700  1\$aBode, Lars,$eeditor.
=856  \\$31850-9999$uhttp://www.karger.com/$xBLDSS
=852  41$aBritish Library$bDSC$j6076.609000
=852  41$aBritish Library$bHMNTS$qCopy at XXXX. Imperfect: pages from xi - 68 damaged.
=945  \\$aNestle nutrition workshop series, ISSN 1664-2147 ; vol. 96 2022
=CAT  \\$a8411$b40$c20220726$lBLL01$h1329
=CAT  \\$a8411$b40$c20220726$lBLL01$h1333
=CAT  \\$aBATCH-CLA$b00$c20220727$lBLL01$h0118
=CAT  \\$aBLDSS-3PM$b00$c20220802$lBLL01$h1430
=CAT  \\$aBATCH-UPD$b00$c20220802$lBLL01$h1432
=CAT  \\$aBATCH-UNOA$c20220802$lBLL01$h2359
=CAT  \\$aBATCH-CLA$b00$c20220803$lBLL01$h0128
=CAT  \\$a9671$b40$c20220806$lBLL01$h0834
=CAT  \\$aBATCH-CLA$b00$c20220807$lBLL01$h0102
=CAT  \\$aBATCH-UPD$b00$c20220824$lBLL01$h0915
=CAT  \\$aBATCH-CLA$b00$c20220825$lBLL01$h0457
=CAT  \\$aBATCH-CLA$b00$c20220825$lBLL01$h0510
=CAT  \\$aIPL-CLA$c20220930$lBLL01$h1619
=CAT  \\$a7764$b40$c20230109$lBLL01$h1538
=CAT  \\$aBATCH-CLA$b00$c20230110$lBLL01$h0104
=CFI  0\$aCurrent copyright fee: GBP35.00$c24\0$e01-oct-2022$fGBP35.00$g0$hP$5Uk
=FFP  \\$aY$bBLDSS-3PM
=FIN  \\$aY$d20220806
=TCO  \\$aTRS$bCCC$c008
=UNO  \\$aY
=LAS  \\$aBATCH-CLA$b00$c20230110$lBLL01$h0104

