=LDR  03410cam a2200637 i 4500
=001  020851842
=003  Uk
=005  20230309010531.0
=008  220822s2023\\\\ne\ab\\\\b\\\|0|1\0|eng\\
=FMT  \\$a  BK
=010  \\$a2022040525
=020  \\$a9789004234604$qhardback
=020  \\$z9789004526945$qeBook
=040  \\$aDLC$beng$cDLC$dUk$erda
=042  \\$aukblsr
=043  \\$ae-fr---
=050  00$aDC33.4$b.Z57 2022
=082  04$a944.361034$223
=100  10$aZiskin, Rochelle,$d1954-$eauthor.
=245  10$aPrivate salons and the art world of Enlightenment Paris /$cby Rochelle Ziskin.
=264  \1$aLeiden :$bBrill,$c[2023]
=300  \\$axv, 333 pages :$billustrations (black and white, and colour), maps (black and white) ;$c25 cm.
=336  \\$atext$btxt$2rdacontent
=337  \\$aunmediated$bn$2rdamedia
=338  \\$avolume$bnc$2rdacarrier
=490  0\$aBrill's studies on art, art history, and intellectual history,$x1878-9048 ;$v63
=530  \\$aAlso published electronically.
=504  \\$aIncludes bibliographical references and index.
=520  \\$a"In Private Salons and the Art World of Enlightenment Paris, Rochelle Ziskin explores in depth two remarkable private gatherings generating significant art criticism during the middle of the eighteenth century. She demonstrates how the sites harboring them came to embody and disseminate their judgments. One politically active group assembled at the house Mme Doublet shared with amateur Petit de Bachaumont; at her "Mondays" for artists, Mme Geoffrin collaborated with the powerful lover of antiquity Caylus and amateurs including Mariette and Watelet. In focusing on official Salons of the Royal Academy of Painting and Sculpture, historians too often overlook the crucial role of these frequent, regular assemblies. There works of art were quite often first assessed and taste shaped"--$cProvided by publisher.
=540  \\$aCurrent copyright fee: GBP22.00$c74\0$5Uk
=650  \0$aSalons$zFrance$zParis$xHistory$y18th century.
=650  \0$aArt and society$zFrance$zParis$xHistory$y18th century.
=651  \0$aParis (France)$xIntellectual life$y18th century.
=651  \0$aParis (France)$xSocial life and customs$y18th century.
=776  08$iOnline version:$aZiskin, Rochelle, 1954-$tPrivate salons and the art world of Enlightenment Paris$w(DLC) 2022040526$dLeiden ; Boston : Brill, [2022]$z9789004526945
=856  \\$31850-9999$uhttp://booksandjournals.brillonline.com/$xBLDSS
=852  41$aBritish Library$bDSC$j2284.119000
=852  41$aBritish Library$bHMNTS$kSPIS$h944.361034
=CAT  \\$a6503$b40$c20230105$lBLL01$h1439
=CAT  \\$a15989$b40$c20230228$lBLL01$h1225
=CAT  \\$a15184$b40$c20230302$lBLL01$h1047
=CAT  \\$a15184$b40$c20230302$lBLL01$h1058
=CAT  \\$aBATCH-CLA$b00$c20230303$lBLL01$h0108
=CAT  \\$a11014$b40$c20230303$lBLL01$h1351
=CAT  \\$aBATCH-CLA$b00$c20230304$lBLL01$h0103
=CAT  \\$aBLDSS-3PM$b00$c20230306$lBLL01$h1311
=CAT  \\$aBATCH-UPD$b00$c20230306$lBLL01$h1313
=CAT  \\$aBATCH-CLA$b00$c20230307$lBLL01$h0105
=CAT  \\$aBATCH-UNOA$c20230308$lBLL01$h0217
=CAT  \\$aBATCH-CLA$b00$c20230309$lBLL01$h0105
=CFI  0\$aCurrent copyright fee: GBP22.00$c74\0$e16-apr-2013$fGBP22.00$g0$hP$5Uk
=FFP  \\$aY$bBLDSS-3PM
=FIN  \\$aY$d20230302
=SRC  \\$aBLL02
=UNO  \\$aY
=LAS  \\$aBATCH-CLA$b00$c20230309$lBLL01$h0105

